4674 5910
925 745 1606 823 ms,„„.,...

426 947 468 1016 ni
493 952 756 1046 responsorias
778 947 892 1022 fuisse
916 950 1162 1036 arbitremur,
1189 947 1465 1045 aliquantulum
1493 943 1656 1022 obstare.
1708 949 1867 1047 Insuper
1887 949 2107 1024 Traianum

426 1081 489 1140 tos
513 1073 705 1168 precibus,
730 1087 792 1145 tot
818 1071 961 1168 optatis
988 1067 1109 1142 seduli
1134 1067 1318 1167 praesidis
1338 1076 1443 1142 intra
1476 1085 1556 1140 tam
1584 1069 1696 1142 breve
1728 1071 1913 1168 temporis
1940 1076 2106 1169 spatium

361 1175 372 1186 ’
426 1189 645 1265 satisfacere
676 1217 748 1269 nec
781 1194 971 1289 potuisse,
1005 1215 1079 1264 nec
1105 1193 1269 1265 voluisse
1296 1193 1507 1290 putaverim
1541 1191 1602 1264 vel
1635 1209 1828 1266 retentum
1856 1193 2016 1266 aliarum
2041 1211 2106 1266 ea·

424 1333 586 1408 rumque
611 1315 912 1410 gravissimarum
944 1335 1072 1386 rerum
1107 1317 1422 1412 occupationibus
1456 1311 1517 1387 vel
1549 1335 1667 1409 nugas
1693 1311 1859 1386 hominis
1886 1337 2021 1411 parum
2046 1335 2106 1388 sa·

423 1432 565 1530 pientis
598 1457 711 1532 aegre
747 1435 946 1510 ferentem.
998 1434 1130 1508 Multo
1162 1437 1288 1508 minus
1323 1453 1452 1508 autem
1485 1432 1534 1506 de
1560 1433 1628 1506 illo
1663 1430 1910 1533 epistolarum
1944 1457 2105 1510 numero

424 1553 536 1628 nohis
563 1556 895 1653 persuadebimus,
921 1557 1005 1646 ubi,
1038 1579 1152 1654 quam
1180 1559 1308 1630 multis
1334 1555 1447 1630 rebus
1471 1573 1598 1628 aetate
1625 1561 1695 1630 ista
1704 1610 1716 1645 ,
1745 1563 1896 1655 quoties
1924 1553 2106 1632 mandata

424 1676 654 1776 epistolasve
679 1685 720 1752 iu
747 1685 973 1766 remotiores
999 1680 1214 1777 provincias
1246 1679 1416 1779 perferre
1449 1677 1688 1768 iuberentur,
1724 1680 1947 1752 nuntiorum
1981 1678 2105 1778 publi·

424 1818 558 1872 corum
581 1797 796 1884 tardaretur
821 1779 1015 1875 adventus.
1069 1803 1242 1876 Deeraut
1269 1796 1499 1874 commodae
1525 1805 1608 1874 viae
1633 1798 1828 1899 publicae,
1853 1807 2025 1902 exeeptis
2046 1801 2105 1890 iis,

423 1941 518 2018 quas
547 1921 659 1996 Italia
689 1921 867 1998 habebat.
920 1925 1104 1998 Novimus
1131 1907 1306 2021 quidem,
1345 1924 1480 2020 quibus
1515 1939 1615 1995 esset
1640 1927 1888 2020 imperatum,
1924 1939 1969 1994 ut
2002 1921 2104 1996 isce-

420 2061 509 2114 rent
530 2049 666 2120 itinera
690 2046 860 2146 publice,
888 2069 955 2120 eos
982 2044 1176 2144 interdum
1195 2043 1236 2136 ⁹)
1264 2044 1483 2142 diplomatis
1506 2041 1656 2116 adiutos
1682 2041 1817 2133 fuisse,
1843 2062 1926 2137 aut,
1961 2048 2027 2141 qui
2052 2039 2103 2118 ad

421 2163 623 2240 Gaesarem
658 2171 716 2239 ius
750 2185 931 2242 tenerent
962 2165 1172 2257 referendi,
1214 2167 1429 2241 cursoribus
1461 2165 1624 2264 publicis
1658 2163 1792 2258 utendi
1826 2165 2003 2240 habuisse
2031 2188 2102 2264 po·

420 2302 614 2363 testatem.
668 2286 746 2361 Sed
770 2295 900 2388 priore
926 2289 1117 2363 beneficio
1140 2311 1227 2362 raro
1255 2305 1406 2362 tantum
1433 2306 1473 2360 et
1501 2284 1732 2386 quand0¹⁰)
1769 2311 1915 2360 summa
1947 2287 2104 2360 festina·

420 2412 530 2482 tione
557 2426 658 2484 esset
684 2434 793 2509 opus,
818 2411 905 2485 illos
930 2435 1019 2484 usos
1042 2411 1156 2484 fuisse
1183 2426 1279 2508 puto
1308 2427 1348 2484 et
1373 2415 1563 2510 posterius
1590 2405 1858 2482 tantummodo
1887 2405 1937 2482 ad
1964 2426 2104 2505 augen-

422 2527 513 2604 dam
540 2531 778 2607 celeritatem
803 2533 1056 2633 prolectionis
1082 2531 1144 2608 rel
1170 2533 1358 2606 missionis
1384 2553 1454 2630 per
1478 2531 1628 2604 Italiam
1653 2527 1787 2625 efficax
1807 2529 1920 2604 fuisse
1942 2529 2104 2604 videtur.

418 2653 562 2728 Iamsi
588 2651 638 2729 de
665 2677 810 2744 eorum,
837 2657 971 2754 quibus
999 2679 1046 2729 ex
1072 2627 1325 2728 ltalsa'fuerit
1350 2650 1669 2754 proficiscendum
1696 2653 1738 2726 in
1758 2652 1987 2746 Bithyniam,
2010 2673 2104 2726 con·

391 2769 569 2871 ‚ditione
590 2777 814 2874 cogitamus,
840 2800 924 2850 non
944 2776 1080 2866 solum,
1107 2799 1201 2874 quas
1227 2793 1355 2851 terrae
1379 2777 1592 2850 obiecerint
1619 2769 1869 2861 difficultates,
1895 2772 2103 2848 sedetiam

418 2899 462 2970 in
481 2901 577 2970 mari
602 2915 806 2974 ventorum
831 2895 988 2974 adversa
1013 2921 1058 2972 ac
1084 2899 1256 2998 pericula
1278 2897 1538 2998 procellarum
1563 2894 1920 2994 superare-adactos
1944 2893 2101 2968 eosdem

419 3015 535 3092 fuisse
560 3011 772 3093 fatebimur.
796 3025 934 3114 Itaque
960 3043 1043 3088 nen
1068 3023 1200 3114 potuit
1225 3019 1326 3104 fieri,
1354 3026 1449 3112 quin
1472 3032 1627 3086 mutuae
1654 3014 1900 3108 epistolarum
1924 3037 1948 3086 e
1972 3029 2101 3090 recto·

421 3137 526 3222 ribus
550 3137 754 3235 Bithyniae
787 3133 839 3212 ad
869 3134 1050 3212 Caesarea
1083 3140 1318 3230 scriptarum.
1336 3135 1508 3206 missioni
1532 3135 1726 3206 ,maximae
1760 3131 1954 3208 interdum
1986 3133 2102 3211 nuer-

574 3509 610 3584 9)
628 3509 802 3584 Capitolinas
824 3511 853 3564 'ur
869 3509 1014 3564 Pertinace
1030 3523 1053 3563 e.
1071 3505 1117 3561 1.s
1152 3503 1265 3574 „Quod
1286 3504 1345 3560 sisse
1362 3503 1560 3580 diplomatibus
1577 3523 1686 3587 aarum
1704 3514 1902 3582 usurpaverat,
1926 3509 2044 3582 pedibu
2060 3511 2096 3568 ab

628 3615 774 3672 Antiochia
790 3615 826 3670 ad
842 3614 1007 3706 legationem
1024 3627 1104 3668 suam
1121 3611 1174 3664 iter
1190 3609 1281 3666 laeme
1297 3616 1407 3666 erastus
1424 3615 1478 3684 ests

557 3791 609 3868 1⁰)
626 3793 748 3848 Praenes
763 3787 920 3862 provinciae
936 3787 999 3860 ipae
1009 3783 1110 3839 scribit
1127 3796 1171 3856 ep.
1188 3783 1224 3839 al
1242 3781 1324 3856 (102
1343 3783 1434 3854 „Rex
1451 3783 1630 3838 aenomaus
1648 3785 1757 3856 scripsit
1774 3783 1856 3848 mihi,
1873 3803 1937 3840 esee
1955 3785 2097 3859 quaedam,

630 3915 700 3972 quae
717 3893 831 3949 deberes
849 3909 931 3964 qaam
948 3891 1133 3944 maturissime
1150 3889 1237 3944 selset
1266 3907 1320 3961 qua
1342 3907 1378 3946 ex
1401 3905 1501 3943 uma
1523 3887 1724 3944 annaeum
1741 3889 1891 3956 tabellmii,
1919 3909 1999 3962 meru
2016 3891 2053 3947 rs
2068 3897 2098 3948 tu

629 4019 692 4058 eam
714 3999 840 4074 epistolis
864 3999 955 4066 misit,
984 3993 1133 4069 diplomata
1156 3993 1286 4048 adiasl.“
1320 3992 1458 4048 Videmus
1480 3991 1579 4066 igitur,
1609 3993 1768 4048 Praecidam
1793 3995 1886 4068 ipsum
1909 3997 2045 4050 introduci
2061 3995 2098 4054 als

628 4113 740 4164 aratore
756 4105 933 4172 indicantem,
952 4100 1060 4176 quando
1078 4105 1107 4154 et
1123 4099 1167 4154 eui
1184 4098 1306 4172 diploma
1323 4099 1543 4155 eommodaverit
1574 4099 1703 4153 Ceteram
1723 4115 1777 4152 aon
1794 4117 1925 4172 pessum,
1956 4103 2021 4172 quin
2045 4099 2097 4157 hoe

626 4211 689 4269 loeo
707 4211 841 4268 disseram
857 4209 892 4263 de
909 4207 1028 4281 epistola
1045 4205 1113 4274 lss,
1138 4223 1220 4278 quam
1244 4202 1321 4259 nulla
1338 4221 1390 4274 ego
1412 4205 1520 4261 aliene
1543 4221 1658 4276 possum
1679 4203 1791 4258 eredere.
1805 4203 1898 4258 daiam
1915 4222 1977 4258 esse
1995 4223 2031 4259 ex
2047 4207 2096 4261 Bi·

626 4317 731 4392 thynia.
766 4313 932 4371 Mirabiliter
949 4314 1020 4368 enisu
1037 4329 1152 4367 uorem
1169 4314 1222 4366 iter
1243 4309 1435 4381 longissimam
1457 4313 1646 4382 mseptnram
1672 4325 1862 4364 excurrere
1885 4307 1958 4364 velle
1980 4313 2110 4370 maritas·

628 4421 792 4494 scripsisset.
826 4421 899 4475 Dein
924 4419 1106 4473 adversantur
1127 4416 1213 4472 verba
1237 4413 1357 4488 „Usque
1368 4417 1402 4492 iu
1418 4411 1471 4469 hoe
1492 4419 1618 4488 tempus,
1644 4415 1778 4482 Domine,
1802 4433 1889 4486 neque
1913 4417 2037 4488 ediquem
2055 4417 2096 4472 dl·

625 4527 750 4602 plemata
774 4525 944 4580 commodavi
961 4523 1056 4592 etr.‚“
1081 4540 1150 4596 quae
1172 4524 1326 4594 repugnant
1348 4517 1463 4587 iudicio,
1491 4517 1563 4592 quod
1590 4519 1624 4572 de
1648 4519 1789 4573 tabellario
1815 4519 1889 4590 regia
1913 4519 2095 4577 Sauromatae

625 4637 701 4690 tenet
723 4631 841 4706 epistula
863 4632 1001 4686 triemima
1024 4629 1123 4702 prims.
1159 4625 1292 4700 Sequitur
1314 4625 1378 4678 inde
1395 4628 1535 4678 auctorem
1555 4621 1620 4678 libri
1637 4623 1759 4680 soluisse
1776 4623 1849 4680 credi
1864 4624 2011 4697 epistolam
2028 4629 2095 4684 surs-

625 4729 1556 4816 pnnmmsepmsestssxubeirprsrluebndbemuu.
