4674 5910
720 891 972 958 ”·-··---
1078 901 1130 980 13
1229 933 1445 1024 *ἡ*

240 1141 366 1209 inem,
399 1133 625 1216 tempusue
653 1091 829 1190 nummos
857 1117 1094 1211 exigentem,
1130 1113 1201 1190 sibi
1228 1135 1428 1216 posceret,
1470 1141 1546 1217 qua
1580 1123 1657 1217 qui
1673 1135 1787 1193 antea
1820 1103 1943 1194 admi·
1978 1199 1981 1206 A

255 1245 465 1314 nistravere
490 1241 745 1338 provinciam,
772 1235 923 1309 fuerant
949 1239 1083 1334 gavisi,
1109 1235 1304 1311 iudicandi
1327 1263 1372 1312 ac
1397 1239 1631 1339 transigendi
1648 1255 1841 1342 potestate
1859 1263 1943 1314 non

257 1367 435 1436 caruisse.
487 1363 538 1434 At
565 1361 678 1432 istum
706 1364 779 1430 vim
808 1341 956 1454 imperii
984 1365 1041 1432 sui
1067 1383 1149 1432 non
1175 1361 1328 1433 novisse
1353 1360 1472 1434 facile
1490 1363 1693 1458 colligitur
1746 1363 1809 1434 De
1830 1355 1940 1452 rebus
2060 1397 2065 1406 ·

223 1575 226 1580 Ι
255 1483 361 1558 enim
387 1481 583 1556 consultat
610 1476 896 1552 consultatione
921 1502 1074 1577 prorsus
1101 1477 1283 1578 indignis,
1336 1483 1487 1556 etiamsi
1513 1489 1650 1580 exiguo
1675 1499 1825 1555 tantum
1854 1503 1942 1580 spa·

209 1597 214 1604 ’
255 1603 312 1676 tio
340 1603 387 1675 ab
421 1603 516 1674 urbe
549 1599 736 1674 disiuncta
773 1599 903 1674 luisset
931 1607 1139 1698 provincia.
1193 1603 1257 1676 Sic
1295 1627 1356 1702 ep.
1385 1603 1435 1676 25
1473 1601 1561 1696 (32)
1595 1601 1644 1676 de
1671 1604 1794 1676 Gabis
1821 1605 1940 1676 Besso

137 1733 142 1754 ⁴
254 1747 348 1800 orae
380 1729 565 1822 ponticae
601 1723 796 1820 praefecto
830 1713 1095 1795 beneficiarios
1131 1719 1289 1813 decem,
1334 1727 1483 1822 equites
1517 1721 1632 1812 duos,
1676 1729 1943 1798 centurionem
2007 1735 2018 1755 ⁸

140 1887 144 1898 .
254 1869 375 1918 uuum
402 1845 472 1916 sibi
500 1840 672 1916 sufficere
698 1860 883 1940 negante,
920 1849 991 1932 etsi
1024 1847 1342 1942 imperator-ipse
1367 1843 1456 1918 eum
1484 1844 1560 1918 hoc
1586 1845 1750 1918 militum
1778 1867 1939 1918 numero

255 1982 485 2044 contentum
509 1989 590 2038 esse
611 1966 803 2040 iussisset:
831 1961 937 2036 cuius
961 1989 1187 2063 responsum
1215 1967 1294 2039 tale
1321 1966 1436 2039 fuisse
1462 1966 1614 2053 senties,
1640 1983 1684 2040 ut
1711 1971 1790 2038 eius
1817 1969 1940 2037 menti
1966 1979 1971 1992 '

255 2085 375 2160 homo
403 2087 483 2160 fere
510 2083 670 2158 stolidus
699 2085 919 2158 obversatus
947 2109 1028 2162 esse
1054 2085 1238 2162 videatur.
1293 2088 1460 2160 Multum
1495 2087 1642 2159 scilicet
1668 2091 1852 2159 interesse
1878 2107 1939 2158 re·

256 2211 403 2294 scribit,
437 2231 496 2280 res
528 2223 690 2304 poscant
718 2231 768 2280 an
789 2205 965 2284 homines
992 2214 1181 2306 imperare
1207 2207 1321 2280 latius
1351 2207 1480 2280 velint.
1533 2195 1749 2278 Utilitatem
1782 2204 1938 2278 demum

254 2327 505 2428 spectandam
540 2351 623 2400 esse
658 2345 696 2400 et
732 2345 917 2424 quantum
954 2329 1036 2402 fieri
1075 2335 1214 2428 possit,
1255 2325 1484 2416 curandum,
1523 2349 1574 2400 ne
1616 2327 1754 2400 milites
1797 2327 1936 2404 absint.

253 2452 408 2524 Litteris
441 2447 597 2546 quidem
630 2450 855 2546 rescriptum
888 2447 938 2522 ad
972 2453 1129 2524 Bassum
1163 2451 1377 2524 subiectum
1418 2447 1533 2521 fuisse
1568 2465 1704 2526 auctor
1739 2446 1935 2545 significat.

254 2571 389 2646 stt-vel
416 2577 488 2657 ita,
515 2591 614 2668 quae
640 2593 664 2642 a
690 2569 852 2644 Caesare
877 2589 1086 2670 praecepte
1113 2577 1209 2660 sint,
1234 2576 1648 2670 unumquemque,·qui
1671 2566 1935 2641 administren·

255 2689 330 2767 dae
360 2694 581 2791 provinciae
616 2698 824 2790 susceperit
851 2715 1006 2781 munus,
1047 2715 1162 2768 noste
1201 2690 1342 2767 dehere
1384 2689 1586 2765 concedes.
1656 2693 1727 2788 Ep.
1761 2690 1813 2760 38
1843 2684 1931 2779 (tto)

254 2813 469 2912 praelectus
496 2813 612 2886 refert
639 2837 679 2886 se
708 2811 756 2884 de
780 2811 913 2886 Dione
939 2811 1108 2912 quodem
1136 2816 1355 2887 Cocceiano
1383 2817 1527 2914 civitati
1544 2816 1743 2884 rationem
1765 2805 1933 2882 debente
1999 2871 2007 2892 ,

256 2937 401 3034 operis,
437 2932 541 3030 quod
570 2934 679 3008 aliter
704 2934 856 3006 iecisset
889 2951 1006 3032 etque
1024 2925 1245 3024 debuisset,
1288 2933 1495 3032 simulque,
1537 2929 1644 3030 quod
1668 2932 1823 3002 Traiani
1856 2945 1933 3005 sta·

252 3073 359 3129 tuam
386 3053 488 3126 haud
511 3053 692 3146 procula
706 3054 958 3154 sepultorum
986 3057 1211 3144 corporibus
1238 3057 1445 3144 posuisset,
1471 3052 1673 3124 manifesto
1700 3051 1826 3129 laesae
1853 3068 1934 3120 ma-

253 3178 397 3248 itstatis
424 3149 637 3265 disceptate
662 3163 825 3236 voluisse
851 3167 1013 3250 Niceae,
1055 3185 1200 3235 moram
1227 3181 1358 3235 tamen
1383 3161 1634 3261 disceptando
1668 3163 1814 3235 illatam
1848 3189 1933 3240 esse

252 3319 324 3394 ΡΜ
349 3289 580 3386 Eumlpssm
606 3283 816 3383 quendam·
851 3286 897 3356 ab
934 3302 1097 3382 utraque
1124 3301 1242 3382 parte
1276 3308 1331 3358 se
1344 3285 1494 3358 libellos
1528 3283 1831 3382 postulationum
1858 3307 1931 3382 po.

252 3417 440 3516 poscisss,
473 3411 530 3482 uti
556 3412 696 3482 Caesar
716 3414 802 3503 ‘ipse
828 3423 957 3504 posset
984 3427 1219 3504 cognoscere
1238 3404 1295 3502 ‘de
1321 3431 1383 3500 τες
1416 3405 1646 3504 Eumolpum
1673 3429 1756 3478 nou
1781 3403 1931 3490 dedisse

125 3523 128 3530 ¹
249 3535 442 3621 libellum,
469 3533 636 3604 Dionem
664 3525 828 3600 dedisse:
855 3533 896 3600 in
917 3525 993 3600 fine
1019 3545 1148 3600 autem
1175 3545 1296 3625 rogat,
1322 3545 1365 3600 ut
1389 3527 1527 3623 Caesar
1551 3531 1593 3598 in
1620 3527 1697 3598 hoc
1723 3533 1930 3626 praecipue

250 3680 391 3758 genere
420 3653 651 3749 cognitionis
679 3671 811 3744 regere
837 3673 877 3720 se
904 3646 1092 3744 dignetur.
1118 3651 1218 3722 Rem
1236 3645 1428 3760 ‘eittpmodi
1455 3645 1651 3744 indignam
1678 3647 1802 3736 luisse,
1829 3669 1930 3745 quse
1978 3743 1981 3754 Ἰ

250 3779 462 3856 deferretur
491 3771 539 3844 ad
568 3773 767 3845 Caesarem
795 3791 816 3840 a
844 3767 1045 3863 Bithyniae
1071 3770 1289 3868 praefecto,
1329 3774 1523 3842 neminem
1557 3785 1782 3863 negaturum
1816 3786 1927 3863 puto,

250 3924 379 3999 neque
412 3901 564 3992 negavit
598 3893 803 3987 Gierigius,
840 3889 983 3988 alioqui
1012 3896 1316 3990 promptissimus
1357 3896 1523 3964 auctoris
1555 3887 1743 3968 defensor.
1803 3891 1925 3962 Immo

251 4023 405 4097 Gestari
440 4023 512 4114 ipsi
551 4012 786 4110 displicuisse
820 4014 1123 4108 intempestivam
1159 4011 1453 4086 haesitationem
1489 4008 1698 4084 ostendunt
1726 4007 1841 4081 verba
1866 4032 1928 4084 te·

251 4145 492 4250 sponsoriae.
535 4139 724 4222 „Potuisti
756 4158 836 4205 nou
864 4131 1023 4206 haerere
1049 4133 1150 4206 circa
1177 4131 1237 4218 id,
1276 4131 1326 4206 de
1352 4158 1430 4232 quo
1456 4155 1519 4204 me
1538 4127 1823 4204 consulendum
1850 4135 1927 4204 exi·

251 4265 465 4346 stimavisti,
510 4281 602 4328 cum
628 4257 867 4354 propositum
903 4275 1026 4326 mcum
1062 4261 1210 4351 optime
1246 4277 1388 4328 nosses.
1394 4257 1417 4290 ‘⁴
1468 4255 1538 4351 Ep.
1568 4252 1618 4325 33
1653 4250 1739 4344 (ts)
1773 4253 1940 4324 nuntiat
1984 4316 1990 4326 .

248 4385 483 4486 preelectus,
516 4381 699 4450 Nicenses
727 4391 766 4448 et
796 4362 1151 4471 Cla'udiopolitanos
1179 4381 1324 4472 magnis
1352 4373 1531 4474 operibus
1561 4380 1694 4482 inepte
1721 4371 1924 4446 aedifican-

249 4504 317 4582 dis·
336 4519 544 4599 occupatos
569 4501 770 4597 pecuniam
798 4495 978 4594 perdere,
1012 4513 1199 4594 rogatque
1221 4498 1447 4583 Traianum,
1488 4512 1550 4583 ut,
1585 4492 1677 4592 quid
1706 4491 1924 4566 faciendum

248 4633 298 4704 tit
324 4619 501 4730 oper-ihus
537 4625 700 4694 maxima
728 4622 805 4690 iam
836 4634 945 4716 parte
980 4624 1229 4706 constructis,
1268 4616 1439 4693 indicare
1465 4615 1816 4711 architectumque
1829 4611 1924 4686 velit

248 4749 414 4822 mittere.
458 4743 637 4816 Ceterum
659 4763 790 4838 parum
818 4754 997 4812 accurate
1024 4736 1289 4814 conditionem
1313 4739 1548 4837 singulorum
1574 4759 1751 4837 operum,
1771 4733 1924 4824 theatri,

247 4870 450 4970 gymnasii,
476 4864 618 4938 balinei
639 4859 833 4952 describit,
858 4857 1051 4934 immode
1070 4861 1270 4960 gymnade
1290 4866 1553 4937 testimonium
1581 4856 1690 4931 sliert
1712 4855 1923 4940 architecti,
2029 4864 2033 4872 ·
2109 4883 2114 4892 ·
2176 4856 2183 4871 ’
