4674 5910
601 789 611 836 ι
735 828 737 838 A
911 735 1120 778 -.....“...-..
1213 709 1278 796 ’ρἈ
1384 759 1592 778 ...........

314 915 317 924 ’
412 939 599 1013 iniecerat
625 949 666 1010 et
689 951 820 1008 tamen
846 939 1089 1035 responsoria
1114 935 1159 1008 ab
1187 933 1248 1006 his
1267 935 1404 1035 incipit
1429 935 1569 1009 verbis:
1596 937 1817 1036 „Cuperem
1840 933 2097 1037 sinequerela¹

415 1057 634 1158 corpusculi
670 1061 727 1130 tui
762 1076 801 1132 et
836 1073 1027 1132 tuorum
1061 1060 1261 1156 pervenire
1298 1063 1339 1130 in
1373 1056 1590 1152 Bithyniam
1625 1043 1858 1157 potuisses.“
1909 1061 2098 1160 Gierigius

392 1189 515 1282 =ipse,
541 1177 634 1278 quid
661 1177 730 1252 sihi
757 1180 922 1252 voluerit
948 1195 1104 1268 auctor,
1135 1203 1176 1251 se
1203 1192 1284 1252 non
1303 1189 1526 1254 'assecutum
1550 1199 1633 1253 esse
1662 1181 1859 1254 confessus
1889 1178 2098 1279 legendum

416 1328 500 1379 esse
526 1317 638 1401 putat
663 1317 918 1396 ventorum
945 1325 1016 1400 pro
1042 1323 1141 1374 voce
1170 1309 1379 1395 tuorum,
1412 1315 1454 1374 at
1480 1300 1730 1400 improbanda
1752 1303 1848 1398 haec
1875 1309 2100 1378 coniectura

416 1423 584 1512 ridetur,
616 1445 836 1520 quanquam
865 1425 1001 1520 nequit
1027 1424 1177 1520 negari,
1216 1422 1453 1521 praefectum
1477 1421 1526 1496 de
1554 1405 1753 1497 contraiiis
1780 1431 1901 1498 ventis
1930 1445 2102 1525 conque·

415 1564 516 1622 stum
544 1533 637 1626 'esse
690 1545 827 1624 Parum
848 1546 952 1616 enirn
975 1551 1166 1618 concinne
1191 1551 1517 1642 coniungerentur
1550 1547 1663 1620 verba
1706 1548 1988 1644 corpusculi
2027 1548 2100 1621 tui

417 1687 460 1745 et
484 1683 754 1742 ventorum.-
790 1691 952 1765 quorum
979 1673 1198 1763 prius‘rem
1225 1665 1387 1756 laesam,
1420 1667 1582 1742 alterum
1606 1691 1689 1742 rent
1716 1667 1934 1742 tardantem
1961 1667 2101 1768 signifi·

392 1807 535 1866 caret.
588 1785 812 1860 Sohaelerus
839 1811 994 1885 quoque
1020 1789 1211 1886 vulgatam
1234 1795 1374 1862 tentari
1397 1805 1520 1862 vetat:
1554 1813 1623 1888 per
1655 1814 1697 1862 se
1723 1795 1799 1862 iam
1825 1791 1988 1889 intelligi
2017 1813 2100 1890 gra·

352 1917 358 1931 ‘
416 1917 587 1989 sissimus
610 1925 736 1983 aestus
761 1915 877 1982 etiam
906 1910 1109 1984 comitibus
1137 1901 1457 1984 Plinii'molestos
1481 1911 1605 1984 fuisse.
1659 1911 1801 1986 Verum
1828 1914 1868 1984 in
1894 1912 2101 2014 his'pr'ob'a
2135 2009 2142 2018 .

313 2119 317 2136 Ι
419 2031 671 2110 additamenti
696 2033 892 2105 excusatio
919 2057 1002 2104 non
1029 2037 1148 2106 inest:
1175 2032 1335 2119 fortasse
1361 2049 1498 2108 auctor
1520 2057 1667 2106 memor
1693 2053 1776 2106 erat
1798 2037 1997 2108 verborum
2021 2039 2102 2134 epi·
2148 2032 2153 2040 '

423 2155 548 2232 stolae
575 2151 748 2226 decimae
770 2149 919 2228 iextaet
945 2159 1104 2244 nuntio,
1146 2177 1208 2226 me
1230 2153 1423 2252 Ephesum
1448 2177 1535 2230 cum
1566 2154 1743 2226 omnibus
1785 2160 1999 2256 meisdntp
2018 2165 2101 2236 Μα-

421 2285 504 2358 λέαν
529 2281 735 2374 navigasse.
790 2276 841 2348 At
866 2296 1020 2375 prorsus
1047 2283 1179 2372 inepta
1206 2277 1448 2375 apparebunt
1472 2276 1587 2348 verba
1614 2283 1897 2376 responsoriae:
1946 2277 2103 2377 „Cupa-

412 2423 503 2474 rern
527 2433 581 2454 -··
607 2397 729 2473 simile
763 2397 835 2470 tibi
867 2392 955 2470 iter'
975 2399 1021 2470 ab
1048 2397 1201 2496 Epheso
1238 2404 1274 2472 ei
1307 2399 1541 2496 navigationi
1584 2395 1732 2486 luisset,
1774 2418 1890 2497 quam
1923 2411 2103 2497 expertus

420 2519 636 2621 nsqu'02illo
664 2520 788 2593 eras-‘⁸
822 2519 937 2608 dot,
963 2521 1146 2608 Traiane,
1168 2518 1326 2618 legisti,
1354 2519 1542 2618 qualern
1567 2518 1782 2618 praefectus
1808 2536 1895 2592 tuus
1923 2512 2103 2618 ciperani

418 2651 495 2719 iter
520 2640 570 2715 sd
595 2639 790 2739 Ephesum
817 2663 950 2740 utque.
1003 2643 1078 2714 Hic
1114 2641 1188 2714 tihi
1227 2639 1277 2714 de
1307 2647 1454 2715 itineris
1491 2640 1769 2714 commoditate
1803 2641 1899 2714 nihil
1936 2644 2103 2742 scripsit:

419 2767 494 2840 nisi
514 2763 675 2838 fortasse
697 2763 790 2836 valis
812 2763 928 2836 rerba
955 2763 1196 2861 „quamvis
1231 2769 1497 2838 contrariis
1530 2765 1716 2838 ventis¹“
1745 2761 1964 2838 referredd
1990 2766 2102 2840 itine-

336 2885 347 2908 ⁸
420 2889 473 2961 ris
494 2883 793 2983 descriptionem
820 2881 1034 2982 eademque
1061 2891 1296 2982 coniungere
1323 2907 1410 2958 cunt
1437 2890 1664 2985 praegressis
1691 2909 1753 2959 tne
1779 2885 1975 2983 Ephesum
1999 2888 2104 2961 nari·

419 3031 546 3106 gauses
580 3023 663 3076 tunt
689 3029 780 3077 vero
809 3005 1080 3084 ¹soloecismum
1104 3005 1263 3077 habebis
1290 3025 1330 3074 at
1358 3005 1656 3097 descriptionem
1684 3005 1861 3097 opinioni
1898 3025 1988 3079 tuae
2019 3006 2102 3106 pla·-

419 3151 473 3215 ne,
497 3123 773 3200 adversantem.

579 3365 786 3464 Reponitur
811 3378 1011 3462 praeterea
1037 3361 1079 3434 in
1100 3345 1275 3462 epistolis
1298 3361 1508 3460 appellatio
1537 3361 1723 3452 Caesaris,
1751 3387 1825 3463 qua
1848 3349 2107 3446 saeculoram

423 3491 576 3574 decimo
604 3503 714 3563 sexto
741 3485 951 3584 legentium
978 3490 1131 3582 ingenia
1154 3483 1360 3558 sollicitata
1388 3507 1469 3558 esse
1496 3491 1679 3560 novimus.
1718 3489 1976 3563 Dominum
2002 3499 2107 3568 enini

373 3681 376 3688 .
426 3611 644 3718 praefectus
672 3609 843 3707 appellat
870 3612 1088 3705 saepissime
1115 3607 1388 3722 imperatorem
1415 3630 1543 3682 suum:
1584 3630 1682 3707 quae
1713 3630 1774 3684 res
1808 3587 1998 3687 maximae
2024 3617 2108 3692 este

424 3736 591 3816 debebat
617 3731 841 3813 offensioni,
874 3735 964 3828 quia
990 3736 1031 3801 in
1057 3729 1295 3826 Panegyrico
1320 3729 1462 3804 Plinius
1488 3732 1571 3830 ipse
1598 3731 1641 3820 ⁸1,
1671 3730 1697 3804 tl
1723 3731 1785 3806 his·
1809 3735 1933 3808 verbis
1960 3735 2107 3812 allocu-

424 3880 486 3937 tus
510 3839 570 3934 est
589 3857 798 3928 Traianum
824 3851 1042 3924 Caesarem:
1067 3851 1346 3940 „Discernatur
1369 3853 1604 3926 orationibus
1626 3853 1766 3928 nostris
1787 3844 1983 3931 diversitas
2008 3861 2107 3934 tenti

424 4004 564 4088 porum
595 3995 637 4051 et
663 3999 712 4051 ex
745 3980 829 4074 ipso
863 3995 1005 4071 genere
1037 3979 1243 4070 gratiarum
1276 3972 1509 4072 agendarum
1543 3975 1794 4072 intelligatur,
1833 3985 1912 4068 cui,
1950 3981 2106 4080 quando

412 4102 504 4182 'tint
531 4107 654 4176 a'ctae.
707 4101 904 4196 Nusquam
930 4111 975 4169 ut
1002 4093 1098 4187 deo,
1131 4117 1321 4193 nusquam
1346 4113 1391 4171 ut
1415 4095 1565 4171 numini
1598 4095 1854 4173 blandiamur:
1888 4125 1971 4174 non
2003 4105 2107 4182 enim

428 4225 478 4304 de
503 4243 689 4322 tyranno,
706 4217 791 4308 aed,
808 4217 858 4293 de
882 4219 985 4312 cive;
1010 4242 1093 4293 nou
1116 4213 1165 4291 de
1184 4219 1376 4309 Domino,
1402 4215 1470 4294 sed
1496 4216 1547 4295 de
1571 4236 1733 4320 parente
1756 4221 1986 4322 loquimur.“
2018 4227 2108 4323 Qua

309 4395 314 4402 ·
426 4347 477 4428 de
499 4367 631 4423 caussa
657 4345 849 4417 Gesnerus
871 4339 1021 4414 adiutus
1047 4342 1167 4414 verbis
1192 4341 1328 4417 Senes.
1355 4365 1414 4442 ep.
1437 4342 1475 4416 3.
1500 4341 1676 4434 „obvion
1701 4349 1733 4417 si
1755 4365 1900 4418 nomen
1921 4371 2002 4420 non
2024 4363 2107 4426 suci

426 4473 565 4560 currit,
587 4464 765 4542 dominos
791 4463 1047 4552 salutamus,“
1074 4461 1303 4538 blandientis
1329 4481 1368 4536 et
1394 4467 1558 4541 amantis
1585 4465 1695 4540 Plinii
1721 4466 1835 4539 istam
1862 4490 1945 4542 esse
1972 4479 2108 4546 voceni

427 4593 589 4672 censuit.
640 4591 765 4664 Recte
799 4605 928 4663 autem
962 4602 1099 4659 contra
1135 4585 1347 4660 Gesnerum
1376 4591 1524 4659 monuit
1559 4587 1764 4688 Gien'gius,
1805 4589 1971 4664 Plinium
2002 4615 2106 4670 rete·

352 4731 357 4736 ’
417 4735 556 4794 reum:
580 4713 724 4812 ultique
749 4709 799 4784 ad
819 4711 1027 4784 'baianum
1052 4709 1216 4792 scrihere
1241 4729 1320 4782 nec
1346 4731 1517 4809 uuquam
1537 4707 1782 4784 familiarium.
1804 4699 2119 4792 blanditiarum·
