4674 5910
708 639 1392 716 ...ι-...,3·.........

205 855 387 948 idoneas,
422 881 529 934 nunc
556 857 658 932 ultra
691 877 807 955 quam
841 851 1025 930 credibile
1058 871 1117 928 est
1150 845 1351 952 corruptas
1384 868 1426 927 st
1440 845 1702 950 interpolatas
1728 849 1887 920 circurn-

205 979 313 1074 fer'ri,
338 987 404 1072 iit,
430 997 475 1054 ut
500 985 666 1080 primum
691 978 774 1054 fieri
799 993 951 1077 posset,
977 973 1417 1066 succurrere,decrevi.“

230 1323 236 1334 .
355 1260 556 1362 ,Equidem
578 1285 665 1336 cum
692 1261 830 1335 iterata
856 1258 1026 1334 lectione
1054 1253 1303 1352 epistolarum
1324 1253 1437 1328 Plinii
1458 1249 1631 1337 edoctus,
1658 1261 1889 1326 aesomnes,
1922 1245 1925 1254 ’

206 1403 302 1482 quas
318 1399 504 1458 tenemus
531 1389 626 1456 vitas
653 1382 764 1457 huius
792 1383 1005 1485 scriptoris,
1038 1377 1181 1450 ncilla
1209 1374 1363 1476 quidem
1391 1390 1571 1472 excepta,
1603 1390 1701 1470 quae
1729 1362 1889 1461 sagacis·

206 1509 291 1580 timi
317 1507 489 1579 Massoni
524 1503 687 1580 debetur
721 1502 983 1602 diligentiae,
1001 1505 1225 1592 notitiarum
1257 1503 1465 1596 gravissimi
1499 1485 1686 1569 momenti
1715 1487 1890 1560 laborare

203 1623 360 1700 defectu
389 1645 428 1701 et
454 1651 620 1731 posse
596 1625 743 1702 desumi
770 1651 817 1700 ex
844 1632 927 1724 ipso
951 1623 1067 1696 Plinii
1101 1645 1220 1720 opere
1247 1625 1523 1694 accuratiorem
1550 1621 1652 1716 vitae
1678 1627 1719 1684 et
1746 1604 1889 1682 studio·

202 1771 289 1820 rum
325 1717 625 1847 descriptionem
659 1771 705 1822 ac
738 1747 1056 1847 perfectiorem
1043 1745 1188 1842 rngenii
1226 1743 1304 1818 eius
1348 1745 1571 1840 imaginem,
1614 1737 1890 1810 constitueram

206 1871 467 1967 copiosiorem
493 1872 595 1943 vitae
627 1871 824 1944 Plinianae
854 1863 1034 1942 exhibere
1065 1863 1406 1939 adumbrationem.
1460 1862 1546 1938 Tali
1581 1829 1695 1957 igitur
1726 1847 1888 1926 consilio

205 1987 282 2064 adii
310 1988 438 2065 denuo
465 1991 604 2064 librum
628 1991 757 2080 ilium,
785 1992 900 2090 quem
927 1988 1118 2063 decimum
1145 1988 1275 2065 ferunt
1301 2011 1383 2060 esse
1410 1983 1659 2083 epistolarum
1685 1975 1807 2061 Plinii,
1834 1985 1890 2058 ut,

189 2135 320 2209 ,quarn
355 2111 494 2210 agendi
526 2118 717 2187 rationem
753 2129 853 2186 esset
886 2129 1039 2185 secutus
1078 2116 1121 2184 in
1159 2107 1328 2208 regenda
1362 2107 1560 2203 Bithynia,
1601 2116 1888 2200 cognoscerem.

204 2229 281 2306 Sed
304 2233 472 2330 ingenue
497 2234 623 2308 fateor
648 2227 894 2333 perlustranti
922 2233 1016 2306 mihi
1050 2234 1231 2334 epistolas
1267 2231 1433 2331 singulas
1465 2226 1654 2304 nonnulla
1687 2229 1728 2295 in
1754 2219 1799 2291 iis
1821 2216 1888 2287 ob·

199 2359 262 2429 via
286 2378 369 2428 esse
395 2354 509 2443 facta,
536 2377 635 2454 quae
660 2379 712 2430 ne
740 2355 894 2430 credam
916 2357 1082 2432 Plinium
1112 2373 1152 2432 et
1174 2359 1382 2430 Traianum
1409 2370 1585 2427 auctores
1608 2347 1724 2421 fuisse
1745 2339 1887 2440 episto·
1974 2375 1977 2382 .

200 2475 324 2550 larum
352 2475 563 2555 effecerint.
602 2479 683 2551 Iam
709 2501 766 2568 ea,
794 2502 893 2578 quae
920 2497 1124 2554 moverunt
1149 2480 1419 2578 suspicionem,
1445 2461 1663 2576 prolaturus
1687 2487 1787 2540 sums
1813 2479 1888 2532 nec

200 2611 333 2671 tamen
360 2599 443 2672 sine
469 2598 621 2674 timore.
674 2599 763 2674 Scio
798 2607 920 2692 enim,
959 2602 991 2674 si
1025 2601 1103 2676 ulla
1137 2602 1257 2676 alia
1244 2627 1287 2674 ιιι
1320 2624 1382 2690 re,
1416 2598 1500 2672 fore
1544 2603 1586 2671 in
1612 2593 1687 2666 hac
1712 2578 1889 2661 difficilli-

200 2741 307 2792 mum
333 2717 594 2794 dubitationes
621 2728 676 2795 ita
702 2722 913 2822 proferre
901 2749 943 2797 ιιι
969 2703 1150 2815 medium,
1175 2742 1220 2797 ut
1247 2725 1465 2824 aliquamp
1467 2717 1609 2794 rodant
1634 2723 1756 2788 iustae
1780 2695 1887 2777 caus·

200 2863 265 2914 see
292 2858 439 2916 notam.
492 2845 566 2916 Vix
592 2846 696 2918 enim
722 2846 889 2944 reperies
912 2851 1079 2920 virorum
1108 2843 1314 2920 doctorum
1340 2867 1477 2944 genus,
1504 2836 1610 2942 quod
1635 2859 1718 2910 non
1744 2853 1792 2904 ex
1812 2821 1887 2902 illis
1940 2849 1947 2860 ·

200 2962 372 3062 epistolis
407 2962 598 3036 nonnulla
633 2971 816 3036 scientiae
852 2954 968 3036 suae·
977 2975 1136 3074 propria
1174 2971 1332 3064 petierit
1375 2984 1606 3064 gratumque
1640 2959 1691 3033 ob
1704 2965 1887 3055 accepta
1963 3018 1968 3030 .

199 3082 386 3154 beneficia
413 3081 578 3150 libenter
605 3081 775 3150 declaret
802 3088 992 3168 animun„
1012 3091 1068 3152 ita
1095 3104 1157 3167 ut,
1184 3087 1249 3176 qui
1277 3085 1326 3158 de
1353 3085 1486 3156 indole
1512 3097 1816 3178 argumentoque
1842 3070 1887 3142 lr

197 3200 259 3276 bri
288 3219 353 3273 aut
381 3197 582 3273 laudandis
610 3217 677 3271 aut
703 3197 965 3297 vituperandis
996 3199 1117 3272 velint
1151 3199 1278 3276 facere
1313 3199 1514 3292 iudicium,
1553 3225 1637 3274 non
1669 3195 1886 3296 philologo·
1917 3291 1922 3297 Ι

199 3347 286 3400 rum
305 3322 428 3396 solum
457 3339 498 3396 et
523 3321 803 3410 historicorum,
830 3318 897 3396 sed
920 3319 1192 3422 theologorum
1218 3325 1335 3400 etiam
1362 3341 1479 3424 atque
1504 3321 1595 3396 iuris
1621 3316 1886 3394 consultorum

154 3527 159 3536 ¹
201 3460 326 3520 castre
352 3441 532 3522 invadere
559 3441 752 3554 cogi'iere
778 3439 990 3527 videantur,

355 4083 485 4160 Facile
513 4109 646 4162 omnes
674 4083 913 4188 concedent,
940 4093 1108 4188 quisquis
1129 4087 1313 4188 epistolas
1342 4093 1435 4164 istas
1464 4086 1674 4190 scripserit,
1707 4111 1797 4165 euru
1811 4108 1882 4185 ῃ·

199 4229 287 4284 tera
320 4206 486 4283 voluisse
506 4205 673 4303 ¹easdem
715 4206 819 4284 credi
852 4229 989 4285 mutuo
1032 4217 1194 4312 scriptas
1230 4235 1253 4286 a
1285 4213 1452 4286 Traiano
1485 4213 1648 4288 Caesare
1682 4231 1723 4288 et
1747 4204 1880 4308 {Plinio
1993 4282 2009 4317 ἦ
2073 4239 2079 4268 ¹

197 4331 359 4406 iuniore.
412 4331 661 4407 Documento
696 4333 774 4406 sint
805 4332 1108 4409 luculentissimo
1148 4359 1231 4408 non
1270 4334 1396 4409 solum
1434 4339 1671 4436 praescripta
1710 4339 1904 4428 nomina,'
1990 4308 2013 4329 ⁸¹

198 4449 267 4529 ted
293 4455 409 4526 etiam
435 4471 660 4565 argumenta
684 4455 954 4553 epistolarum,
984 4477 1093 4554 quas
1125 4459 1252 4532 Roma
1278 4475 1348 4532 ant
1371 4481 1420 4534 ex
1445 4457 1520 4532 alia
1544 4458 1641 4565 urire
1670 4459 1803 4536 ltaliae
1829 4453 1880 4534 s'd

198 4575 406 4652 Traianum
429 4578 471 4648 in
496 4582 654 4677 regione
680 4577 868 4666 Rhenana
896 4597 1204 4656 commorantem
1234 4603 1259 4657 a
1293 4581 1419 4658 Plinio
1451 4587 1585 4659 missas
1617 4579 1738 4660 videri
1770 4583 1877 4682 cupi·

1355 4698 1363 4708 .
1386 4705 1412 4780 1
1437 4707 1459 4755 0
