4674 5910
651 667 1340 740 ...m-affl

30 971 34 978 ,
149 889 286 950 rentur
311 899 452 953 morae.
508 879 636 975 Quam
660 875 771 952 valde
798 894 926 952 autem
950 880 1068 975 ipsius
1093 875 1275 975 praesidis
1303 878 1346 950 in
1368 877 1614 976 ‘provinciam
1639 872 1832 974 profectio
1930 962 1934 971 Ι

152 993 205 1072 sit
230 996 405 1087 tardatur
427 999 539 1074 facile
566 1001 697 1100 colligi
723 1016 853 1099 potest
879 1020 929 1072 ex
954 998 1126 1098 epistolis
1157 997 1203 1074 17
1226 997 1316 1090 (16)
1336 1015 1383 1074 et
1415 1000 1461 1072 11)
1486 996 1582 1090 (18)·
1634 999 1693 1070 Ex
1721 985 1832 1067 ltalia
1948 1077 1953 1090 ,

151 1141 267 1218 supra
289 1119 455 1228 Maleam
482 1115 677 1222 Ephesum
703 1127 897 1220 navigasse
924 1120 1033 1194 illum
1059 1125 1165 1220 prior
1191 1120 1439 1220 epistolarum
1466 1119 1704 1193 laudatarum
1733 1139 1832 1189 nun·
1930 1180 1932 1188 ,

150 1245 243 1330 tiat,
270 1241 390 1314 altera
415 1243 511 1316 'vero
531 1243 661 1319 illatae
678 1265 818 1316 ‘morae
844 1243 967 1317 iniicit
993 1245 1244 1317 montionem.
1278 1245 1367 1316 Hoc
1388 1245 1503 1340 igitur
1527 1248 1603 1314 iam
1629 1263 1734 1312 nunc
1757 1253 1833 1311 sta·

152 1365 211 1434 tui
243 1362 361 1435 licere
391 1361 557 1454 videtur,
597 1382 768 1438 mutuam
801 1388 872 1464 per
907 1381 1013 1440 certa
1045 1367 1230 1466 temporis
1262 1364 1462 1440 intervalla
1496 1381 1558 1438 tot
1583 1361 1833 1463 epistolarum
1878 1355 1881 1360 ’

151 1481 267 1558 fuisse
293 1489 514 1558 missionem
539 1491 601 1560 vix
628 1491 940 1587 cogiteri'posse.

311 1735 488 1804 Fortasse
518 1748 647 1804 autem
674 1727 724 1805 ad
749 1727 963 1806 tollendam
996 1727 1046 1804 de
1079 1753 1240 1806 numero
1274 1729 1554 1806 dubitationem
1589 1725 1833 1804 contenderit

153 1851 309 1950 aliquis,
334 1877 417 1924 non
443 1851 607 1950 singulas
632 1859 762 1927 missas
789 1877 871 1928 esse
892 1852 1151 1927 Praefectiad
1177 1855 1378 1928 Caesarem
1401 1853 1599 1952 epistolas,
1633 1849 1700 1925 sed
1727 1876 1833 1927 coms

151 1974 281 2072 plures
303 1973 433 2058 simul,
466 1980 518 2047 ita
548 1992 592 2046 ut
617 1981 882 2073 responsoriae
908 2001 1064 2076 quoque
1098 1976 1316 2074 complures
1352 1972 1543 2048 darentur.
1584 1975 1689 2046 ·Hac
1724 1958 1834 2072 argu·

151 2093 350 2169 mentandi
373 2097 525 2168 ratione
548 2097 668 2169 maius
693 2119 785 2171 sane
805 2075 988 2196 temporis
1012 2104 1176 2197 spatium
1201 2097 1566 2196 interrogationibus
1583 2134 1587 2140 ·
1603 2109 1644 2167 et
1675 2084 1834 2194 respon·

122 2217 203 2290 ¹ais
237 2215 473 2315 perferendis
508 2237 734 2292 concessum
767 2217 908 2294 luisset.
961 2219 1013 2294 At
1049 2235 1240 2319 repugnat
1273 2215 1356 2328 tali
1372 2220 1546 2318 opinioni
1585 2218 1834 2314 epistolarum

152 2353 199 2412 st
227 2357 494 2436 argumentum
527 2355 568 2412 et
602 2336 754 2413 indoles
788 2358 957 2414 externa.
1018 2339 1114 2415 Sunt
1146 2342 1251 2414 enim
1288 2338 1391 2414 haud
1427 2361 1574 2439 paucae
1614 2362 1744 2412 earum
1777 2343 1859 2428 itta⁴

151 2465 336 2560 scriptae,
360 2477 404 2532 ut
431 2477 593 2558 accepto
622 2459 774 2535 demum
796 2464 984 2562 rescripto
1010 2460 1145 2536 eadem
1173 2461 1222 2538 de
1242 2487 1286 2535 re
1306 2469 1443 2535 iterum
1472 2460 1521 2535 ad
1542 2450 1744 2536 Caesarem
1767 2463 1833 2536 rri-

133 2566 262 2682 'ptum
284 2581 398 2655 fuisse
419 2575 543 2656 videri
567 2582 728 2657 voluisse
754 2562 954 2658 auctorem
1032 2601 1124 2658 teat.
1177 2582 1224 2659 Id
1250 2591 1379 2656 atatim
1405 2583 1623 2682 probabunt
1646 2581 1834 2682 epistolae

151 2701 199 2776 21
230 2700 338 2795 (tt),
366 2703 417 2774 ⁶29.
440 2701 549 2796 (aa),
574 2704 624 2776 te
650 2701 738 2797 (75)
777 2720 824 2779 et'
851 2705 1033 2798 1401),
1059 2708 1362 2805 quarumprima
1389 2702 1437 2778 de
1465 2728 1568 2777 nero
1593 2707 1835 2779 Prusensium
1921 2710 1923 2718 ’

148 2822 306 2897 balineo
329 2823 560 2906 exstruendo
587 2827 799 2901 consulitur
818 2828 1023 2916 Traianus,
1053 2827 1173 2900 altera
1202 2829 1474 2924 imperatorem
1506 2821 1706 2898 indulsisse
1736 2821 1834 2899 desi·

151 2941 259 3020 derio
289 2947 531 3020 Prusensium
562 2945 846 3046 significan),
892 2955 1008 3022 tertia
1042 2971 1133 3023 vero
1175 2948 1390 3022 luculenter
1421 2944 1579 3041 edocet,
1619 2944 1834 3045 praesidem

20 3161 24 3176 ⁸
149 3072 371 3166 provinciae
413 3068 607 3160 accepisse
648 3067 803 3138 Traiani
840 3089 1084 3158 responsum,
1127 3083 1334 3162 antequam
1368 3089 1467 3138 nova
1502 3069 1664 3159 epistola
1703 3069 1835 3144 locum
1884 3136 1892 3154 ,

151 3183 308 3261 balineo
345 3179 578 3256 exstruendo
620 3189 882 3279 opportunum
917 3176 1139 3252 ostenderet
1174 3177 1553 3279 commendaretque.
1613 3180 1721 3258 Idem
1754 3186 1835 3261 fere

152 3313 224 3382 erit
250 3288 455 3378 dicendum
484 3300 535 3376 de
561 3319 649 3402 epp.
670 3301 726 3373 Δ*15
753 3298 858 3395 (32),
886 3299 938 3374 :ts
966 3298 1053 3393 (33)
1080 3317 1121 3373 et
1147 3297 1196 3376 27
1219 3297 1323 3389 (18),
1351 3325 1510 3398 quarum
1537 3282 1659 3400 prima
1685 3303 1733 3379 de
1756 3306 1832 3382 Ga·

151 3425 218 3502 bio
245 3428 361 3500 Basso
389 3431 566 3522 exiguum
595 3424 757 3498 militum
789 3445 992 3497 numerum
1017 3417 1095 3495 sibi'
1116 3419 1288 3496 sufficere
1321 3440 1489 3520 negante
1517 3429 1721 3501 certiorem
1745 3425 1832 3504 red·

152 3545 211 3624 dit
236 3548 462 3635 Traianum,
489 3545 610 3633 altera
637 3541 802 3619 eundem
828 3567 852 3616 a
880 3543 1042 3617 Caesare
1066 3542 1339 3654 reprehensum
1362 3524 1500 3632 innuit,
1526 3554 1639 3620 tertia
1667 3547 1833 3649 denique

150 3666 285 3745 laudes
311 3667 481 3743 eiusdem
507 3669 576 3740 siri
604 3665 730 3755 affert,
769 3665 931 3738 fortasse
944 3683 1001 3738 ut
1016 3672 1192 3767 principi
1225 3653 1569 3740 commendaretur.
1622 3669 1726 3742 Dein
1753 3679 1832 3771 epi·

151 3792 271 3867 stolas
295 3815 410 3890 supra
441 3785 635 3878 laudatas,
675 3809 770 3886 quas
802 3787 1006 3882 Bithyniae
1037 3806 1230 3862 rectorem
1266 3784 1542 3886 'gratulaturum
1574 3791 1740 3890 principi
1766 3809 1834 3866 aut

150 3915 301 4013 imperii
335 3929 402 3986 aut
435 3912 645 3984 nativitatis
679 3906 780 3984 diem
821 3911 1014 4008 scripsisse
1044 3927 1179 3984 auctor
1212 3907 1434 3984 lectoribus
1451 3908 1680 4009 persuadere
1714 3915 1833 4012 cupit,

149 4040 214 4109 rix
237 4057 351 4134 posse
377 4035 538 4130 cogitari
571 4055 648 4105 una
676 4033 825 4120 missas,
856 4053 985 4129 neque
1012 4032 1213 4105 Caesarem
1243 4034 1428 4130 rescripta
1455 4055 1523 4112 sua
1551 4055 1629 4106 una
1655 4031 1833 4110 daturum
1892 4101 1895 4110 .

150 4155 266 4234 luisse
291 4157 412 4256 quitis
446 4153 558 4226 facile
594 4153 839 4226 concesserit.
892 4153 1061 4226 Diversis
1086 4176 1204 4251 porro
1227 4149 1465 4262 temporibus
1495 4177 1544 4228 erw
1562 4153 1742 4252 Bithynia
1766 4151 1832 4232 da·

288 4541 340 4616 ll)
357 4539 467 4612 nuta
484 4539 550 4611 (75)
565 4539 633 4596 isso
649 4545 738 4596 maia
771 4541 923 4606 Quaerenti
938 4541 1020 4611 ntis,
1047 4541 1182 4611 noune,
1204 4541 1312 4597 Prusae
1329 4543 1376 4599 abi
1394 4547 1490 4616 posset
1506 4542 1661 4615 solnm,
1690 4543 1764 4618 qaod
1784 4545 1832 4601 11-

359 4643 517 4701 dnlsisii
533 4645 609 4715 fissi,
624 4643 729 4720 plauit
742 4643 836 4717 lotus,
853 4649 882 4704 ia
899 4665 954 4722 que
971 4647 1024 4704 tuit
1041 4645 1188 4720 Quaado
1204 4647 1320 4716 domas,
1337 4653 1371 4702 st
1386 4647 1623 4723 animaretur.
1708 4681 1711 4688 ι

893 4833 895 4838 2
990 4850 1026 4909 τι
1070 4861 1074 4869 ¹
1307 4742 1331 4816 ²
