4674 5910
726 715 1412 790 ...mn-...-

223 935 309 1026 Neo
333 921 483 1004 'maiore
509 925 601 1001 curn
634 920 822 1000 modestia
856 925 1086 998 scribentem
1120 925 1291 998 invenies
1327 923 1494 1006 eundem
1528 923 1693 1026 epistole
1708 984 1711 992 Α
1724 943 1830 998 usna
1853 905 1907 1000 ab
1942 921 1945 932 '

222 1051 283 1130 bis
309 1045 521 1151 incipiente
547 1047 855 1138 verbius.„scio,
882 1047 1071 1134 nonius,
1097 1047 1307 1120 memoriae
1333 1037 1457 1136 Tuae,
1492 1071 1598 1146 quae
1626 1063 1686 1128 est
1717 1041 1909 1120 benefeci·

222 1175 316 1251 endi
333 1151 603 1262 tenacissima,
623 1187 1033 1270 ..precesnostras
1061 1167 1334 1244 inhaereres
1368 1176 1457 1268 quis
1484 1173 1682 1244 tamenin
1706 1166 1784 1240 boc
1811 1186 1908 1263 quos

225 1320 303 1398 que
329 1316 443 1396 saepe
466 1294 676 1380 indulsisti,
703 1291 936 1370 admoneo
964 1290 1078 1367 simul
1096 1307 1145 1364 *st
1168 1297 1344 1390 impense
1360 1315 1483 1390 «rogo,
1517 1309 1561 1365 ut
1586 1291 1747 1400 Accium
1773 1287 1910 1362 Surum

223 1437 403 1520 praetura
432 1438 618 1492 exornare
645 1413 829 1512 digneris,
857 1435 944 1486 cum
971 1412 1089 1489 locus'
1107 1415 1262 1488 recet.“
1313 1416 1436 1487 Recte
1465 1419 1675 1512 suspicatus
1702 1387 1762 1484 est
1786 1407 1909 1482 Gieri·

197 1532 200 1540 ’
223 1547 325 1640 gius
350 1557 526 1614 nostrum
553 1545 630 1610 ism
657 1555 772 1610 antea
798 1559 870 1634 pro
896 1535 994 1608 Sura
1020 1535 1135 1608 fuisse
1153 1541 1362 1634 precatum
1388 1553 1503 1664 atquc
1526 1537 1727 1610 Caesarem
1749 1551 1909 1630 respon·
1962 1511 1970 1528 ’

224 1661 344 1752 (bisse,
371 1662 602 1735 collaturum
624 1683 666 1732 sc
691 1679 783 1732 esse
798 1664 842 1732 iu
869 1679 957 1732 sum
983 1659 1205 1734 Praeturam
1231 1658 1377 1733 oblata
1387 1631 1605 1733 occasione
1643 1655 1722 1732 Sed
1748 1679 1796 1728 eo
1822 1655 1908 1754 ipso

218 1807 445 1884 quanquam
472 1781 602 1858 addita
630 1775 857 1856 suntrerba
885 1786 1027 1878 „quia
1053 1785 1307 1864 tamenin
1324 1781 1449 1856 hoc
1454 1803 1643 1880 quoque
1677 1799 1822 1875 saepe
1847 1779 1911 1848 in·

217 1893 465 1984 'duliist‘t‘f
501 1881 648 1977 ιιιιίοιέ
679 1902 979 2002 reprehensione
1010 1901 1172 2000 ‘dignum
1197 1905 1399 2002 apparebit
1432 1902 1536 1976 istud
1561 1898 1753 1976 scribendi
1780 1917 1911 1996 genus.

223 2027 434 2103 Declarare
461 2020 629 2124 quidam
650 2033 692 2100 in
715 2025 884 2128 epistola
911 2027 1226 2124 quinquagesima
1253 2043 1360 2102 terte
1394 2023 1483 2118 (19)
1516 2025 1597 2098 ulio
1627 2047 1718 2097 sans
1750 2019 1912 2092 nomine
2020 2011 2025 2020 ’

224 2149 453 2226 modestiam
482 2171 588 2220 suam
615 2145 765 2220 videtur
791 2145 1006 2260 prsefectup
1039 2148 1205 2220 innuens
1232 2135 1522 2247 aNymphidic
1537 2149 1650 2244 Lupo
1678 2142 1842 2218 consilio
1866 2157 1911 2213 se
2019 2179 2029 2206 0

223 2275 381 2360 instrui,
413 2289 544 2344 rerum
570 2273 810 2368 quantumvis
836 2269 878 2342 in
901 2275 1051 2368 privato
1085 2268 1244 2344 homine
1270 2273 1490 2369 probaveris
1519 2269 1715 2368 ingenium
1749 2266 1912 2340 aliorum

216 2399 356 2470 tirtuti
392 2393 486 2466 nibil
526 2387 648 2465 laudis
690 2389 912 2481 detrahens,
953 2407 1091 2467 tamen
1125 2384 1348 2491 provinciae
1389 2393 1533 2466 rectori
1572 2389 1652 2463 boc
1691 2405 1797 2463 certe
1828 2405 1914 2460 nora

128 2501 130 2508 ¹
217 2503 486 2618 ·pbte'tt·<verti
518 2513 677 2602 honori,
712 2511 821 2610 quud·
834 2511 1007 2604 ¹consilio
1039 2537 1080 2588 se
1113 2519 1248 2588 instrui
1280 2511 1351 2614 per
1389 2513 1525 2588 aliurn
1543 2509 1721 2586 confiteri
1753 2521 1912 2582 coactus

223 2634 332 2716 'erati
354 2667 356 2672 ’
375 2635 611 2732 Quodam
639 2635 826 2734 Gierigius
854 2635 986 2709 scribit
1013 2633 1227 2714 adfuisse
1253 2635 1372 2712 videri
1395 2635 1594 2736 praefecto
1620 2635 1664 2708 in
1686 2625 1912 2730 indagandis
1983 2691 1988 2729 .-

226 2755 268 2836 δι’
296 2753 547 2834 emendandis
578 2759 693 2831 rebus
725 2756 996 2854 Bithynorum,
1035 2758 1115 2832 hoc
1140 2775 1185 2832 ut
1211 2757 1381 2834 alienum
1408 2781 1431 2832 a
1457 2759 1660 2832 verborum
1684 2755 1839 2829 illorum
1862 2753 1912 2824 si·

225 2881 474 2985 gnificatione
501 2875 801 2978 improbandum
824 2901 907 2954 esse
933 2896 1043 2980 puto.

318 3167 324 3178 ·
384 3121 628 3196 Offensurem
654 3133 854 3217 practerea
889 3141 973 3194 csse
1005 3115 1198 3208 lactorem'
1227 3141 1325 3214 puto
1358 3123 1637 3216 respondendi,
1655 3199 1659 3209 ,
1678 3149 1793 3219 quam
1826 3123 1915 3196 iniit

214 3243 412 3322 ursimus
439 3247 668 3314 rationem,¹¹
691 3237 795 3314 illud
822 3235 978 3338 quidem
1004 3237 1151 3314 nullam
1177 3253 1309 3337 potest
1334 3239 1491 3316 iniicere
1518 3243 1779 3331 mirationem,
1807 3238 1914 3342 quod

223 3373 269 3444 in
295 3363 466 3464 epistolis
493 3361 597 3436 haud
624 3367 757 3461 paucis
784 3359 919 3436 eadem
946 3357 1230 3464 propemodum
1256 3362 1371 3434 verbs
1397 3378 1643 3461 repetuntur,
1678 3389 1776 3465 quae
1803 3389 1912 3465 prac-
2056 3431 2060 3445 .

113 3487 117 3496 ’
224 3489 371 3566 sermm
386 3507 584 3584 usurpare
608 3489 758 3558 iusserit
785 3481 870 3558 libri
896 3499 1044 3559 auctor.
1078 3485 1167 3560 Hoc
1190 3488 1295 3557 enim
1317 3483 1554 3559 rescribendi
1574 3485 1694 3561 modo
1719 3495 1777 3560 usi
1799 3483 1914 3564 britte

172 3661 176 3669 -
224 3609 403 3688 ridentur
429 3609 682 3707 imperatorer
708 3607 877 3679 Romani
903 3621 944 3678 et
969 3604 1088 3679 hebet
1112 3627 1206 3678 sane
1231 3603 1329 3679 baec
1354 3606 1475 3696 ratio,
1505 3629 1583 3705 quo
1611 3609 1914 3686 commendetur.
2022 3595 2028 3604 ⁸

218 3729 368 3811 Verum
396 3735 539 3804 meritc?
560 3731 769 3817 mirabere,
799 3731 841 3800 in
864 3727 1036 3827 epistolis
1065 3727 1193 3801 multis
1220 3725 1270 3802 ad
1294 3726 1480 3827 praefecti
1505 3731 1827 3830 interrogationes
1853 3756 1914 3810 rc·
1975 3778 1994 3799 ·

219 3851 418 3956 spondere
449 3858 531 3926 rte
511 3903 524 3940 ,
563 3867 608 3924 ut
633 3849 737 3925 nihil
753 3849 845 3922 fere
874 3847 1074 3923 commodi
1109 3851 1257 3950 cepisse
1290 3847 1514 3924 rideatur
1503 3878 1553 3944 rs,
1598 3857 1663 3952 qui
1697 3853 1915 3931 consulenti

218 3973 443 4080 praefecto,
469 3997 530 4072 ep.
558 3971 633 4046 di
629 3969 724 4066 (34)
750 3987 1005 4072 posteaquam
1032 3989 1166 4072 aperte
1191 3969 1406 4046 indicatum
1430 3992 1551 4064 esset,
1581 3992 1666 4050 ιιοιι
1688 3973 1915 4088 defuturum,

70 4089 80 4108 '
224 4123 274 4177 ex
298 4121 372 4198 qua
400 4095 511 4168 fieret
537 4118 653 4194 opus,
680 4096 907 4192 pecuniam,
940 4101 1134 4196 rescripsit
1162 4094 1319 4168 Cassan
1360 4093 1399 4170 Si
1427 4102 1630 4170 instructio
1657 4105 1747 4172 novi
1774 4075 1916 4178 balinei

226 4237 431 4299 oneratura
456 4223 554 4293 rires
580 4217 828 4292 Prusensium
856 4241 939 4290 non
970 4234 1048 4307 est,
1086 4239 1290 4318 possumus
1316 4214 1506 4293 desiderio
1534 4241 1670 4294 eorum
1695 4219 1913 4321 indulgerer

224 4341 343 4422 modo
370 4365 422 4416 ne
438 4337 543 4442 quid
570 4337 664 4416 ideo
689 4356 756 4413 rut
788 4337 1002 4414 intribuant
1038 4355 1105 4412 aut
1132 4341 1258 4428 mirrus
1279 4337 1398 4414 illis'
1385 4363 1429 4414 sn
1455 4359 1653 4468 posterum
1678 4342 1748 4418 fiat
1774 4343 1824 4420 ed
1846 4327 1942 4422 ue·

216 4463 406 4544 carradas
432 4467 689 4584 erogationes
724 4459 897 4552 „Vellem
922 4466 1146 4560 castigasset
1172 4462 1314 4538 Caesar
1335 4461 1629 4563 procuratorem
1650 4489 1781 4556 suurn,
1809 4462 1915 4565 quod
2031 4501 2034 4509 ·

215 4611 311 4665 mon
346 4607 425 4660 uns
460 4599 550 4660 cum
580 4579 886 4682 interrogatione
926 4599 1146 4658 accuratam
1179 4583 1400 4662 exstmendi
1441 4583 1583 4664 baiinei
1617 4585 1917 4687 descriptionem

222 4711 382 4812 locique
406 4731 485 4809 quo
513 4703 676 4783 deberet
697 4695 840 4784 crst'rui
860 4703 1047 4784 indicium
1067 4707 1271 4800 obtulerit,
1295 4713 1350 4786 its
1371 4726 1416 4784 nr
1440 4717 1576 4790 strtim
1603 4709 1652 4786 ds
1671 4733 1715 4787 re
1741 4725 1829 4788 tota
1846 4735 1917 4816 po·

1467 4832 1497 4908 a
1548 4852 1557 4865 .
