4674 5910
988 619 1670 696 mmm

490 848 555 908 tae
580 825 759 903 videntur
792 824 1088 923 esse-epistolae
1118 823 1170 898 30
1197 821 1291 916 (ta)
1319 843 1359 900 et
1385 825 1431 899 31
1462 821 1547 920 (11)
1581 844 1764 926 recteque
1797 847 1934 907 contra
1961 829 2172 928 Gierigiuru

490 949 714 1032 Sebaeferus
742 952 892 1022 monuit
919 947 1121 1046 ep‘stolam
1148 954 1401 1045 postenbrem
1428 973 1510 1022 uon
1537 973 1648 1048 posse
1673 950 1805 1024 haberi
1835 975 1907 1049 pro
1935 969 2044 1051 parte
2070 957 2173 1051 prio·

489 1083 561 1165 ris,
587 1097 676 1148 cum
703 1072 870 1167 priorem
898 1069 1135 1142 tabellarium
1164 1067 1349 1166 significet
1385 1087 1521 1142 auctor
1549 1073 1781 1170 praelectum
1808 1097 1919 1146 usum
1944 1074 2171 1172 opportuni·

489 1217 591 1285 tate,
626 1217 741 1292 quam
767 1193 970 1266 obtulisset
996 1215 1122 1281 casus,
1159 1193 1301 1266 misisse
1328 1189 1378 1266 ad
1407 1193 1632 1282 Traianum,
1666 1195 1820 1268 alterius
1853 1213 1982 1268 autern
2010 1219 2172 1282 cursum,

384 1381 387 1388 .
494 1317 600 1420 quod
625 1317 709 1390 talis
738 1315 1008 1414 opportunitas
1031 1311 1198 1402 deesset,
1240 1311 1424 1388 adiuvisse
1457 1312 1677 1413 diplomate.
1730 1319 1802 1416 Ep.
1833 1318 1884 1392 70
1920 1313 2006 1409 (50)
2038 1315 2174 1392 suadet

492 1417 644 1544 praeses
679 1437 902 1536 provinciae
939 1437 1182 1534 imperatori,
1224 1453 1267 1508 ut
1297 1436 1423 1508 lacum
1457 1437 1499 1508 in
1530 1437 1868 1514 Nicomedensium
1901 1439 2038 1512 finibus
2070 1437 2173 1512 fossa

391 1572 396 1580 '
479 1545 610 1640 'ducta
639 1550 727 1632 cum
761 1559 858 1632 mari
885 1563 1113 1631 committat.
1147 1555 1401 1655 Respondent
1429 1582 1489 1656 ep.
1519 1557 1564 1633 71
1599 1558 1684 1652 (5¹)
1710 1559 1967 1633 introducitur
1995 1559 2044 1634 111
2070 1559 2174 1633 hauc

490 1689 733 1783 rogationem
757 1681 912 1754 Caesar:
940 1677 1047 1778 quod
1071 1701 1297 1777 responsum
1324 1684 1593 1778 respicientem
1619 1681 1811 1780 triplicem
1833 1689 2023 1756 rationem
2046 1685 2174 1756 obser-

492 1808 662 1889 vabimus
688 1827 749 1902 ep.
773 1799 823 1877 7³2
851 1800 953 1892 (69)
975 1801 1218 1900 praelectum
1250 1803 1473 1900 imperatori
1501 1822 1804 1900 proponentem,
1844 1828 1920 1902 qua
1945 1803 2051 1876 lacus
2078 1811 2175 1878 mari

491 1927 683 2020 committi
716 1929 855 2024 possita
896 1949 974 2022 quo
1010 1923 1137 1998 studio
1171 1929 1332 2022 gratiam
1367 1921 1470 2024 apud
1502 1921 1666 1998 eundern
1702 1923 1863 2024 adeptus
1898 1947 1980 2000 esse
2013 1923 2174 2002 videtur.

370 2083 375 2094 ·
491 2053 634 2130 Saltem
670 2063 906 2147 potestatem
938 2044 1102 2144 eligendi
1135 2041 1193 2135 id,
1223 2043 1343 2144 ,quod
1375 2051 1581 2154 praecipue
1612 2070 1672 2120 res
1705 2053 1884 2134 suaserit,
1917 2048 2086 2121 Caesaris
2113 2069 2174 2120 re·

492 2171 693 2275 sponsoris
720 2172 756 2244 ei
783 2167 907 2242 offert.
960 2167 1208 2244 Manilestum
1235 2169 1350 2265 igitur
1374 2185 1449 2258 est,
1492 2165 1561 2244 has
1596 2187 1761 2266 quatuor
1794 2169 1976 2268 epistolas
2003 2191 2176 2244 seorsum

494 2302 625 2374 missas
654 2297 814 2389 cogitari
842 2288 994 2366 debere.
1047 2288 1208 2364 Accedit
1237 2287 1289 2364 ad
1324 2291 1504 2390 epistolas
1538 2289 1656 2365 modo
1689 2289 1864 2365 laudatas
1897 2293 2089 2366 tricesima
2114 2313 2175 2366 se·

492 2416 619 2494 cunda
643 2413 739 2508 (15),
767 2437 882 2512 quam
909 2436 1079 2516 seorsum
1104 2419 1283 2512 scriptam
1307 2411 1439 2486 haberi
1461 2414 1544 2486 sine
1567 2411 1681 2486 dubio
1710 2417 1853 2513 cupivit
1877 2431 2023 2489 auctor.
2060 2413 2176 2488 Gete-

379 2552 385 2560 '
492 2565 578 2616 rum
603 2541 819 2638 potuissent
844 2533 1063 2608 huiusmodi
1086 2535 1272 2633 epistolae
1294 2535 1516 2611 brevissimis
1544 2541 1726 2632 temporis
1761 2539 1969 2610 interiectis
1996 2533 2175 2610 interval-

476 2665 538 2738 lis
566 2685 615 2736 ex
635 2663 835 2758 provincia
865 2663 987 2750 mitti3
1026 2663 1156 2754 itaque
1177 2659 1219 2730 in
1251 2656 1311 2729 his
1347 2657 1483 2730 saltem
1520 2655 1623 2732 haud
1654 2655 1805 2732 firmum
1840 2659 2034 2755 opinionis
2062 2679 2175 2732 meae

433 2883 440 2890 ι
490 2784 655 2886 fulcrum
681 2785 901 2854 invenerim.
954 2779 1006 2852 At
1032 2777 1129 2852 haec
1155 2779 1228 2851 ista
1251 2775 1300 2852 de
1325 2802 1369 2852 re
1389 2775 1590 2852 sufficiant.
1644 2779 1783 2877 Colligi
1816 2786 1919 2854 enim
1940 2805 1988 2852 ex
2019 2787 2061 2854 iis
2090 2785 2174 2878 opi·

348 2949 367 2970 .
492 2929 567 2984 nor
588 2899 692 2976 haud
719 2925 860 3000 pancas
888 2900 1069 3000 epistolas
1097 2925 1266 2976 seorsum
1294 2903 1659 2999 apparerescriptae
1686 2920 1803 2998 atque
1827 2899 2012 2976 adunam
2041 2922 2176 2998 quam-

495 3049 571 3124 que
597 3047 728 3096 earum
750 3021 957 3113 singulares
979 3024 1219 3110 imperatoris
1245 3026 1505 3110 responsorias
1528 3026 1668 3092 missas.
1696 3019 1837 3092 Verum
1857 3023 2005 3094 etiamsi
2024 3043 2175 3114 omnes,

492 3141 599 3247 quod
626 3145 765 3214 attinet
799 3133 849 3208 ad
875 3137 1090 3248 argumenti
1115 3131 1274 3220 indicia,
1308 3139 1363 3206 111
1394 3131 1614 3208 viderentur
1647 3160 1729 3210 esse
1754 3158 2020 3238 comparatae,
2054 3160 2097 3216 ut
2123 3141 2174 3222 de

491 3267 600 3344 nulla
622 3283 752 3336 earum
778 3256 857 3329 tale
884 3251 977 3351 quid
1004 3259 1119 3326 statui
1139 3279 1254 3353 posse
1286 3251 1495 3346 videretur,
1528 3274 1659 3330 tamen
1690 3281 1753 3332 eas
1787 3265 1870 3359 ipsa
1896 3261 2087 3398 scribendi
2113 3289 2172 3342 ra·

490 3396 553 3467 tio
571 3403 759 3481 tanquam
784 3375 917 3450 diebus
943 3367 1096 3450 diversis
1123 3381 1281 3474 scriptas
1309 3381 1516 3476 missasque
1542 3377 1735 3482 proderet.

650 3625 707 3701 Ac
733 3625 900 3725 primum
922 3621 1078 3724 quidem
1105 3623 1342 3723 praefectum
1364 3651 1441 3700 una
1463 3623 1675 3726 eademque
1702 3629 1867 3730 epistola
1890 3630 2089 3730 complura
2116 3657 2173 3707 ar.

431 3817 434 3824 .
492 3765 676 3854 gemente
691 3753 923 3838 tractavisse
949 3765 989 3823 et
1016 3745 1065 3822 ad
1092 3745 1381 3822 deliberandum
1412 3755 1656 3850 proposuisse
1689 3757 1910 3849 imperatori
1939 3751 2174 3830 documento

488 3874 793 3949 luculentissimo
821 3885 880 3943 est
906 3871 1069 3968 epistola
1095 3877 1286 3944 tricesima
1313 3872 1426 3946 tertia
1452 3869 1562 3964 (lu),
1594 3877 1737 3970 inqua
1764 3871 1854 3971 quid
1882 3879 1930 3946 111
1956 3875 2175 3952 iaciendum

491 3995 644 4071 theatro
673 4011 714 4067 et
736 3997 935 4090 gymnasio
962 3991 1064 4090 apud
1091 3994 1294 4081 Nicenses,
1337 3991 1490 4068 balineo
1525 3991 1628 4092 apud
1661 3993 2018 4095 Claudiopolitanos
2045 3999 2175 4093 Traia·

492 4115 586 4193 num
612 4117 835 4212 interrogat.
888 4115 992 4187 Hinc
1027 4121 1141 4212 igitur
1179 4115 1336 4212 colligas
1370 4112 1536 4188 eundem
1564 4113 1612 4189 de
1644 4117 1757 4190 rebus
1793 4119 2049 4216 compluribus
2084 4127 2173 4194 scri-

473 4227 651 4316 Ι1111111111
677 4234 781 4310 idem
805 4236 995 4310 facturum
1022 4235 1082 4308 vel
1107 4235 1185 4308 hoc
1212 4235 1338 4328 iacere
1368 4243 1398 4310 si
1423 4255 1651 4326 recusasset,
1687 4237 1903 4312 additurum
1930 4239 2043 4314 fuisse
2071 4241 2172 4314 litte·

492 4383 572 4446 ras,
598 4359 798 4458 inquibus
826 4376 922 4456 quot
950 4365 1132 4455 cuiusque
1159 4355 1372 4456 argumenti
1399 4355 1449 4432 ad
1478 4359 1678 4432 Caesarem
1710 4363 1954 4434 mitterentur
1977 4361 2173 4460 epistolae,

494 4475 673 4560 accurate
714 4487 943 4580 reperiretur
983 4485 1247 4580 perscriptum.
1304 4483 1485 4558 instituto
1518 4479 1738 4556 huiusmodi
1772 4505 1869 4581 opus
1912 4483 1992 4556 fere
2032 4460 2174 4574 luisset,

493 4613 643 4708 quoties
672 4603 888 4702 complures
916 4601 966 4677 de
998 4600 1200 4677 diversis
1235 4605 1385 4696 rebus
1407 4603 1528 4678 libelli
1562 4601 1611 4682 ad
1635 4604 1838 4681 Gaesarem
1875 4601 2057 4679 darentur
2086 4628 2173 4682 una.
