4674 5910
1006 846 1696 920 ...do-...2-

505 1079 632 1136 tarum
659 985 907 1156 qfftaeculo
936 1055 1102 1150 septimo
1131 1046 1283 1122 decimo
1312 1063 1379 1120 aut
1406 1063 1545 1121 octavo
1574 1045 1724 1122 decimo
1750 1071 1891 1124 novem
1914 1051 2026 1126 Plinii
2049 1056 2190 1152 episto·

507 1183 631 1269 lanam
658 1081 773 1272 idios
802 1172 1077 1297 ediderunt,'
1053 1197 1080 1244 ιι
1107 1171 1186 1246 lero
1212 1193 1346 1243 omnes
1369 1171 1568 1268 epistolas,
1596 1193 1694 1269 quae
1717 1171 1828 1244 Plinii
1851 1171 2018 1248 Secundi
2037 1191 2078 1249 et
2100 1175 2192 1247 Tra·

511 1306 628 1379 iani
618 1323 673 1399 ιιι)’
699 1303 858 1371 cratoris
886 1279 985 1399 prae'
1015 1319 1055 1367 se
1087 1293 1262 1366 serebant
1297 1297 1474 1381 nomina,
1514 1317 1585 1390 pro
1621 1299 1794 1389 genuinis
1829 1293 1977 1367 habitas
2012 1313 2196 1395 tanquam

507 1412 741 1527 peculium
771 1416 1016 1515 eundemque
1043 1413 1234 1490 decimum
1260 1413 1399 1486 librum
1426 1413 1674 1511 epistolarum
1702 1413 1976 1489 adnexuerant.
2030 1423 2196 1492 loannes

510 1545 695 1621 Matthias
724 1543 917 1615 Gesnerus
946 1539 1067 1628 solus,
1103 1535 1209 1634 quod
1244 1541 1380 1624 sciam,
1417 1535 1570 1608 saeculo
1599 1542 1728 1634 priore
1755 1537 1951 1612 confessus
1980 1558 2036 1612 est
2050 1529 2090 1643 ³)
2118 1563 2196 1612 uno

509 1671 580 1742 sibi
605 1665 795 1740 vocabulo
830 1685 946 1760 saepe
982 1665 1148 1758 repetito
1183 1655 1232 1730 de
1267 1675 1427 1729 auctore
1463 1657 1711 1755 epistolarum
1747 1661 1967 1758 scrupulum
2002 1683 2085 1733 esse
2116 1683 2196 1732 mo·

510 1809 605 1890 tum.
659 1789 709 1860 At
738 1785 867 1858 ethic
894 1781 944 1856 de
972 1779 1230 1859 morsiuncula
1258 1781 1418 1852 subnata
1446 1778 1549 1853 facili
1577 1784 1735 1878 negotio
1762 1787 1788 1854 i.
1816 1806 1849 1855 e.
1876 1781 2064 1856 levissima
2091 1783 2198 1854 istius

511 1905 699 2039 vocabulff
715 1883 972 2005 explicatione
1001 1928 1042 1996 se
1069 1905 1151 2002 ipse
1178 1897 1400 1986 consolatus
1427 1917 1494 1975 est.
1549 1908 1631 1982 Iam
1664 1927 1755 1976 vero
1792 1928 1911 2002 quum
1938 1919 2018 1977 tam
2053 1903 2199 1978 clarum

417 2021 422 2028 ⁸
511 2057 656 2108 nomon
676 2030 826 2126 'vulgari
853 2027 1030 2126 opinioni
1051 2029 1379 2124 patrocinaretur,
1406 2021 1503 2097 nihil
1530 2009 1692 2122 amplius'
1719 2015 1945 2123 suspicionis
1973 2043 2200 2124 experturae

515 2155 702 2254 epistolae
725 2150 953 2226 videbantur
976 2171 1021 2223 ac
1039 2171 1173 2221 revera
1195 2144 1432 2220 indubitatae
1458 2153 1683 2220 mansissent
1708 2171 1859 2238 omnes,
1885 2149 1957 2220 nisi
1981 2154 2037 2223 10.
2059 2146 2200 2220 Salom.

513 2275 744 2356 Semlerus
733 2297 775 2346 ιιι
803 2273 903 2346 libro
931 2277 1137 2368 inscripto.
1164 2272 1274 2343 Neue
1301 2268 1497 2352 Versuche
1519 2268 1581 2344 die
1603 2269 1934 2345 Kirchenhittorie
1969 2267 2038 2344 der
2074 2283 2202 2344 ersten

515 2395 794 2474 lahrhunderte
821 2393 931 2468 mehr
965 2392 1231 2482 aulzuldiiren,
1271 2396 1335 2490 qui
1362 2392 1516 2491 Lipsiae
1536 2391 1680 2490 prodiit
1706 2417 1810 2466 anno
1842 2391 1961 2481 1788,
1997 2393 2128 2490 petitis
2155 2411 2204 2464 ex

397 2505 411 2528 ²
517 2521 709 2620 epistolis,
750 2543 849 2616 quae
877 2515 925 2590 de
956 2516 1261 2590 Christianorum
1292 2511 1526 2588 conditione
1555 2537 1579 2592 a
1611 2515 1736 2588 Plinio
1764 2534 1805 2588 et
1836 2515 2008 2591 Traiano.
2038 2515 2204 2612 scriptae

516 2660 720 2744 putantur,
755 2645 988 2738 argumentis
1025 2639 1201 2714 evincere
1228 2636 1451 2727 studuisset,
1483 2661 1566 2710 non
1592 2661 1675 2710 esse
1700 2636 1770 2710 has
1798 2633 1848 2713 ad
1869 2636 2063 2733 religionis
2097 2634 2204 2708 Chri·

515 2766 663 2868 stianae
689 2761 905 2840 historiam'
927 2766 1166 2860 pertinentes
1193 2759 1375 2859 epistolas
1410 2783 1431 2856 a
1459 2759 1584 2832 Plinio
1612 2776 1652 2832 et
1678 2761 1867 2847 Traiano,
1911 2755 1978 2832 sed
2000 2761 2046 2831 ab
2079 2764 2204 2856 impo-

515 2903 620 2964 store
661 2871 830 2982 quodam
866 2881 1084 2957 Christiano
1120 2885 1245 2980 'eoque
1281 2882 1503 2956 stultissimo
1547 2887 1719 2978 scriptas.
1779 2879 1939 2956 Semleri
1974 2885 2205 2955 sententiam

519 3007 718 3106 amplexus
747 3023 806 3077 eat
829 3003 1047 3098 adiuvitque
1064 3002 1272 3073 Corrodiut
1292 3005 1335 3068 in
1366 3003 1464 3070 libro
1495 3004 1700 3096 inscripto:
1725 3005 1912 3095 Baytrlige
1937 3026 2002 3072 zur
2024 2997 2205 3076 Befdtde·

516 3150 614 3225 rung
643 3122 708 3197 des
734 3123 1002 3219 verniinftigcn
1028 3119 1217 3193 Denkenr
1239 3124 1281 3186 in
1307 3113 1376 3186 der
1402 3117 1582 3213 Religion
1607 3121 1647 3188 P.
1675 3119 1719 3188 13
1746 3143 1786 3213 p.
1812 3120 1969 3193 1-35.
2024 3119 2206 3204 Adversa·

517 3256 595 3326 rios
625 3265 755 3320 autent
783 3260 920 3314 nactus
951 3257 1009 3311 est
1042 3236 1233 3310 Semlerus
1260 3237 1549 3322 Haversaatium
1577 3253 1617 3309 et
1644 3236 1871 3334 Gierigium,
1912 3261 2076 3338 quorum
2101 3245 2208 3341 prior

517 3357 720 3472 peculiari⁸
739 3362 871 3436 libello
901 3359 1112 3458 Gottingae
1140 3381 1244 3462 anno
1277 3355 1378 3431 1788
1413 3357 1612 3455 publicato
1648 3358 1888 3434 authentiam
1930 3387 2045 3461 quam
2073 3361 2209 3438 dicunt

522 3489 773 3592 epistolarum
802 3480 993 3570 defendit,
1021 3480 1119 3554 alter
1144 3503 1235 3552 vero
1263 3483 1303 3552 in
1331 3475 1503 3553 editione
1529 3481 1674 3554 maiore
1701 3506 1790 3580 epp.
1817 3483 1929 3558 Plinii
1956 3505 2094 3560 contra
2116 3508 2209 3562 eum

521 3611 628 3690 haud
654 3607 902 3706 indiligenter
929 3603 1147 3702 disputavit.
1199 3601 1268 3674 Uti
1296 3601 1502 3698 Gierigius,
1542 3603 1597 3674 sic
1632 3608 1748 3676 etiam
1773 3611 1844 3703 qui
1878 3626 1969 3706 post
1999 3632 2087 3683 eum
2115 3633 2208 3709 ope·

523 3761 608 3846 ram
632 3728 905 3831 impenderunt
932 3724 1090 3802 edendis
1119 3723 1308 3822 epistolis,
1337 3721 1560 3796 Schaeferus
1588 3741 1626 3798 et
1653 3725 1812 3818 Titzius,
1833 3725 1881 3801 de
1909 3730 2032 3803 Plinio
2061 3733 2209 3814 etTra·

524 3867 616 3934 iano
657 3873 843 3950 tanquam
878 3861 1008 3922 earum
1039 3845 1258 3922 auctoribus
1292 3871 1374 3918 non
1404 3843 1683 3920 dubitavenrnt.
1736 3851 1820 3922 Nec
1855 3875 1936 3924 non
1970 3861 2210 3950 nuperrimos

460 3996 468 4013 ⁴
527 3977 775 4082 epistolarum
804 3971 930 4046 editor
956 3973 1010 4044 Io.
1036 3969 1148 4069 Casp.
1176 3967 1341 4042 Orellius
1370 3969 1543 4040 criticam
1575 3985 1720 4060 textus,
1755 3991 1870 4070 quem
1898 3993 2057 4064 vocant,
2089 3975 2211 4050 histo·

526 4109 623 4177 riam
649 4094 709 4172 h'is
737 4119 892 4170 exorsus
922 4109 980 4166 est
1001 4093 1139 4164 verbis:
1166 4096 1279 4181 „Iam
1306 4087 1450 4162 dudum
1478 4113 1565 4164 curn
1593 4087 1767 4166 vidissem
1792 4093 2090 4192 pulcherrimum
2115 4105 2212 4173 anti-

527 4229 682 4326 quitatis
711 4233 1003 4292 monumentum
1029 4214 1143 4288 Plinii
1177 4229 1217 4287 et
1250 4213 1406 4286 Traiani
1439 4213 1619 4310 epistolas
1646 4233 1817 4305 mutuas,
1852 4215 1901 4290 ad
1930 4225 2214 4316 provinciarum

489 4327 499 4336 Ν
528 4351 791 4423 Romanarum
818 4337 1208 4424 administrationem,
1237 4333 1286 4408 ad
1314 4337 1513 4434 complura
1540 4341 1628 4410 iuris
1657 4337 1773 4410 civilis
1797 4341 1949 4437 capita,
1977 4339 2143 4441 denique
2165 4343 2216 4422 ad

529 4474 727 4569 ingenium
751 4485 797 4537 ac
824 4483 951 4536 mores
978 4465 1177 4559 utriusque
1202 4455 1369 4532 hominis
1397 4465 1610 4534 accuratius
1638 4459 1931 4560 cognoscendos
1958 4465 2018 4540 vel
2049 4473 2217 4544 maxime

688 4843 720 4915 8)
739 4801 785 4900 (ll.
803 4847 862 4899 dut
882 4843 1004 4903 adnotat.
1022 4848 1050 4900 iu
1068 4846 1215 4904 amdam
1232 4846 1294 4908 libr.
1313 4849 1352 4910 X.
1370 4849 1525 4925 epistolam.
