4674 5910
980 795 1665 872 *PB-..m-

480 1009 681 1110 inpensis
707 1024 859 1088 tantum
886 1003 1083 1086 codicibus
1115 1013 1213 1084 istae
1233 999 1426 1109 epistolae
1455 1014 1709 1110 reperiuntur.
1763 1008 1979 1088 cruorem
2012 1011 2172 1095 uoueisi

407 1119 410 1126 ¹
481 1137 525 1210 ln
550 1157 638 1208 uno
659 1155 723 1211 eas
747 1136 892 1232 repetit
916 1132 1145 1231 ,exemplaris
1170 1151 1245 1234 nec
1271 1156 1355 1208 sson
1376 1131 1516 1232 quibus
1541 1123 1648 1207 libris
1673 1131 1744 1216 usi,
1759 1148 1849 1208 suut
1868 1130 2046 1223 Medius,
2070 1131 2170 1210 Gru·

482 1271 588 1330 tems
615 1272 657 1330 et
683 1255 855 1346 coruus,
879 1253 1028 1344 abhis,
1054 1259 1113 1330 uti
1138 1277 1162 1328 a
1187 1255 1460 1330 Parisierssibus
1487 1253 1689 1330 abluerunt
1714 1253 1817 1338 inse.
1865 1260 1917 1330 In
1944 1255 2100 1355 optimis
2125 1254 2172 1332 li·

478 1377 560 1457 ,bris
585 1375 766 1454 Mediceo
787 1393 842 1452 ’et
865 1379 1063 1478 Pragensi,
1096 1399 1273 1477 quorum¹
1293 1376 1500 1466 lectiones,
1534 1375 1690 1476 quando
1726 1382 1994 1468 consentiunt,
2031 1377 2175 1476 ubique

413 1578 417 1586 ,
481 1497 566 1576 iere
591 1497 816 1598 probandae
840 1517 941 1588 sunt,
967 1499 1106 1574 frustra
1129 1523 1194 1574 eas
1217 1523 1391 1598 quaeres.
1420 1499 1589 1574 Obiicies
1607 1499 2017 1574 fortasse'l'srtulliani
2038 1515 2173 1586 aucto·

478 1625 658 1710 sisaram,
696 1627 763 1719 qui
797 1621 950 1722 apolog.
986 1621 1074 1696 ml
1109 1641 1377 1720 argumentum
1403 1621 1504 1696 illius
1538 1620 1589 1698 dc
1616 1621 1918 1710 Christianorum
1945 1617 2174 1696 conditione

486 1749 652 1841 scriptae
678 1743 867 1842 epistolae
893 1761 934 1818 et
957 1749 1135 1844 rescripti
1160 1745 1315 1825 Traiani
1341 1745 1434 1818 satis
1466 1761 1646 1818 accurate
1678 1742 1900 1820 laudaverit.
1923 1787 1930 1796 ·
1953 1743 2098 1818 Verum
2130 1757 2173 1818 st

479 1865 780 1951 Tertullianus
804 1865 1040 1965 reliquorum
1066 1868 1297 1966 scriptorum
1323 1869 1490 1955 Eusebii,
1515 1865 1644 1940 Orosii
1671 1867 1893 1942 testimonia
1918 1864 2173 1952 hortamus

485 1983 666 2072 sidentur
690 1991 873 2088 probare,
906 2003 1039 2063 revera
1064 1989 1230 2064 Plinium
1252 1993 1443 2064 iuniorem
1469 1985 1518 2062 de
1545 2005 1647 2064 statu
1673 1987 1976 2078 Christianorum
2002 1985 2053 2062 ad
2077 1987 2174 2062 Tra·

479 2113 622 2201 =ispum
660 2110 847 2186 retulisse.
902 2107 1009 2208 Quid
1045 2127 1175 2184 autem
1214 2110 1413 2209 prohibet,
1453 2115 1657 2210 quominus
1695 2108 1908 2190 secuudum
1944 2107 2176 2192 Tertulliani

485 2231 602 2309 sssbs
628 2231 833 2332 epistolam
861 2255 1004 2306 novsm
1038 2231 1182 2308 iactam
1203 2250 1243 2308 st
1273 2234 1397 2309 Plinio
1432 2233 1574 2306 iuniori
1599 2230 1831 2332 adscriptam
1860 2253 1943 2306 esse
1966 2229 2172 2331 putemus?

487 2353 668 2430 Fortasse
694 2353 916 2451 Symmachi
943 2354 1162 2454 exemplum
1184 2361 1251 2452 qui
1276 2351 1413 2430 dacem
1440 2353 1688 2453 epistolarum
1713 2353 1832 2434 libros
1858 2353 2086 2452 publicavit,
2110 2376 2172 2428 se·

483 2473 617 2566 lectis,
650 2500 744 2576 quas
779 2474 830 2552 cd
859 2477 1062 2554 Castorem
1094 2481 1313 2576 scripserat,
1345 2483 1388 2550 irs
1414 2473 1624 2566 decimum,
1666 2478 1807 2574 imitari
1831 2475 1973 2565 voluit,
2002 2481 2173 2575 quisquis

484 2595 570 2684 illas
597 2596 648 2672 ad
672 2599 881 2672 Traianum
904 2603 1068 2696 scripsit.
1121 2596 1301 2675 Sidonius
1334 2599 1567 2698 Apollinaris
1601 2622 1742 2677 novem
1777 2615 1929 2673 tautum
1955 2598 2066 2674 norit
2090 2599 2172 2696 epi·

485 2718 672 2807 stolarum
695 2719 953 2796 Plinianamm
973 2720 1105 2795 libros.
1159 2721 1387 2806 imitationis
1418 2727 1577 2820 vestigia
1609 2739 1808 2818 praeterea
1839 2735 2002 2819 possunt
2036 2715 2173 2819 depre-
2270 2729 2275 2736 '
2322 2739 2323 2786 i

344 2905 347 2912 .
487 2839 607 2918 lsendi
632 2846 674 2918 in
698 2865 786 2942 epp.
812 2841 897 2918 libr.
924 2845 974 2918 11.
1005 2843 1052 2916 13
1076 2857 1117 2916 et
1137 2843 1187 2916 x
1208 2841 1248 2916 3.
1291 2845 1433 2942 Magna
1460 2842 1609 2918 scilicet
1641 2849 1682 2918 in
1717 2861 1879 2941 utraque
1912 2841 2077 2942 epistola
2103 2863 2171 2942 ap·

486 2979 598 3060 paret
624 2961 851 3050 similitudo,
889 2969 945 3034 ita
978 2979 1022 3034 ut
1055 2964 1167 3035 Plinii
1197 2967 1314 3060 ipsius
1341 2966 1545 3060 epistolam
1572 2981 1709 3064 auctor
1732 2967 1775 3036 iu
1801 2985 1911 3036 usum
1938 2983 2049 3042 suum
2074 2987 2171 3038 con·
2321 3045 2322 3050 ,

481 3085 644 3164 ‚vertisse
670 3078 750 3154 lere
776 3074 960 3152 videatur.
1014 3071 1145 3148 Simile
1167 3072 1261 3171 quid
1287 3089 1431 3149 statues
1458 3072 1508 3150 de
1531 3076 1646 3165 locis,
1678 3083 1720 3152 irs
1746 3080 1880 3176 quibus
1903 3078 2075 3156 lectione
2099 3083 2170 3162 Pa·
2321 3097 2322 3100 ‘

484 3207 657 3302 regyrici
691 3205 781 3282 satis
820 3199 1009 3272 imbutum
1043 3195 1158 3270 fuisse
1190 3192 1357 3272 eundem
1384 3195 1587 3274 concedes.
1642 3197 1698 3276 ef.
1737 3201 1860 3299 opud
1895 3203 2034 3300 Paneg.
2067 3223 2101 3278 ο,
2124 3205 2171 3296 23

483 3349 549 3428 PP-
579 3327 627 3404 13
650 3321 738 3416 (25)
764 3323 904 3420 Paneg.
930 3342 967 3397 c·
982 3315 1055 3414 5⁸23
1081 3340 1142 3417 sp.
1162 3314 1210 3390 16
1232 3315 1321 3412 (ll)
1347 3319 1489 3418 Paueg.
1516 3317 1644 3415 c.15;
1680 3345 1740 3422 ep.
1760 3321 1811 3401 29
1840 3321 1926 3414 (86)
1951 3325 2091 3422 Paneg.
2106 3323 2170 3398 ta.

349 3576 351 3584 ’
618 3569 753 3648 -Haeo
778 3563 858 3644 iere
885 3581 992 3654 suut,
1032 3563 1159 3640 lector
1189 3559 1397 3658 benevole,
1436 3587 1538 3664 quas
1570 3564 1829 3670 suspicionem
1853 3563 1949 3646 mihi
1975 3567 2168 3648 morulut

331 3786 335 3795 ,
487 3690 543 3782 de‘
563 3687 711 3773 credita
737 3687 987 3791 epistolarum
1008 3688 1175 3788 ,origiue

1084 4110 1626 4138 m

1109 4627 1545 4691 contentis„
