4674 5910
703 887 912 937 ..m-...s
1023 875 1389 950 mm...-

200 1085 346 1167 sulibus
361 1089 494 1166 ¹istam
509 1081 780 1189 ¹obtinuissent
811 1067 1069 1181 pronaum,
1108 1077 1335 1156 abstinuisse
1367 1077 1610 1178 inspectione
1643 1089 1770 1146 rernm
1801 1085 1884 1138 sua·
1986 1155 1990 1166 ‚
2152 1163 2155 1170 1
2230 1123 2235 1133 ,

203 1231 309 1298 rum,
337 1209 588 1306 ‚eamiipaum
618 1205 875 1305 praefectum,
915 1219 960 1278 ut
991 1225 1056 1278 eas
1081 1207 1289 1303 inspiceres
1318 1225 1401 1276 non
1427 1211 1676 1276 recusassent.
1728 1193 1793 1282 De
1824 1209 1886 1260 re·

201 1335 346 1430 scripto
372 1315 591 1404 huiusmodi
617 1346 725 1402 recte
754 1326 951 1402 mirabere.
1004 1325 1225 1400 Praefectus
1254 1325 1427 1398 enimin
1456 1345 1523 1397 sua
1550 1318 1716 1420 epistola
1752 1325 1886 1412 aperte

200 1449 438 1528 indicaverat
474 1447 707 1524 intellexisse
753 1470 835 1523 sese
876 1453 919 1523 iu
958 1447 1090 1524 libello
1132 1465 1295 1546 accepto
1329 1447 1513 1548 pleraque
1543 1440 1593 1517 ad
1626 1437 1685 1530 id,
1724 1433 1775 1510 de
1809 1452 1886 1530 quo
1920 1437 1927 1445 ’

109 1639 124 1656 ,.
200 1590 466 1676 quaereretur,
507 1545 591 1646 non
623 1573 864 1672 pertinuisse.
887 1659 892 1668 .
917 1573 1132 1668 Imperator
1157 1585 1290 1644 tamen
1317 1568 1499 1644 edoctum
1534 1565 1624 1640 satis
1650 1587 1691 1636 se
1718 1580 1800 1634 esse
1826 1574 1886 1626 re·

199 1687 341 1770 scribit.
383 1697 554 1768 -Mirat'io
580 1696 736 1784 subibit,
777 1694 844 1790 qui
869 1691 1144 1792 perpenderint
1169 1693 1284 1765 verba
1316 1713 1377 1792 ep.
1404 1691 1456 1764 58
1487 1685 1573 1783 (53)
1607 1659 1772 1760 calistae
1799 1695 1888 1750 cum

198 1817 436 1916 praegtessa.
487 1816 714 1890 Consulenti
742 1815 889 1909 seilicet
913 1821 1155 1914 procuratori
1179 1819 1401 1913 provinciae
1427 1809 1478 1886 da
1501 1808 1685 1886 sumtibus
1712 1796 1887 1900 Byzanti·

198 1939 413 2012 rosunum
439 1937 654 2035 legationes
680 1933 730 2010 ad
755 1941 969 2037 principem
995 1935 1114 2013 atad
1133 1929 1307 2012 Moesiae
1331 1932 1547 2035 praesidem
1574 1921 1896 2006 facessebant.

200 2057 340 2138 levatis
363 2059 464 2133 haee
491 2061 690 2135 invenient
713 2081 917 2160 responsas
956 2059 1145 2160 „Optime
1171 2059 1314 2148 iecisti,
1347 2054 1523 2132 Secunde
1551 2055 1760 2135 carissime,
1792 2040 1888 2118 duo·

202 2177 305 2254 dena
337 2187 411 2254 ista
445 2183 656 2277 Byzantiis,
700 2203 800 2279 quae
829 2180 880 2257 ad
912 2167 1154 2256 salutandum
1181 2205 1245 2256 me
1278 2183 1320 2254 in
1353 2181 1523 2280 legatum
1555 2169 1890 2274 impendebantur,

89 2383 93 2388 ,
200 2301 448 2377 remittendo.
500 2305 723 2401 Fungentur
756 2302 815 2376 his
845 2305 1035 2403 partibus,
1075 2309 1149 2378 etsi
1182 2303 1307 2378 solum
1339 2325 1475 2378 eorum
1507 2297 1723 2401 psephisma
1756 2313 1826 2391 per
1846 2305 1889 2360 te

200 2429 358 2498 missum
383 2424 510 2498 fuerit.
562 2429 745 2522 Ignosset
770 2425 845 2500 illis
872 2445 913 2501 et
938 2429 1112 2502 Moesiae
1137 2449 1310 2526 praeses,
1344 2432 1375 2499 si
1401 2429 1527 2498 minus
1553 2421 1661 2496 illum
1692 2433 1896 2492 sumtuose
1964 2475 1969 2484 .
2028 2453 2036 2466 ·

203 2545 438 2622 uoluenms‘
467 2576 473 2597 ›
500 2545 672 2636 Omitte,
712 2543 829 2646 quod·
851 2547 1016 2624 Thracia
1055 2565 1242 2648 tanquam
1281 2545 1434 2622 adiecta
1467 2543 1671 2640 Bithyniae
1712 2548 1888 2637 apparete

200 2674 371 2767 quamvis
399 2669 659 2766 suspicionem
686 2667 852 2767 aliquam
878 2669 957 2743 hoc
983 2671 1109 2769 ipsum
1131 2677 1209 2744 iant
1234 2672 1411 2760 moverit,
1437 2693 1525 2742 cunt
1538 2668 1768 2762 Byzantinis,
1792 2674 1897 2754 quo-¹
1970 2738 1976 2746 ,

198 2812 284 2862 rum
311 2793 443 2864 civitas
469 2787 630 2864 Claudio
657 2777 845 2887 regnante
881 2793 1081 2891 prouincia
1106 2792 1210 2867 facta
1239 2811 1358 2880 esset,
1393 2793 1670 2888 Vespasianum
1702 2781 1888 2857 ademisse

199 2909 419 2986 libertatem
443 2927 484 2985 et
509 2913 735 3007 Byzantium
762 2915 907 3011 ipsum,
942 2912 1156 3003 Rhodium,
1189 2912 1345 2989 Samum
1374 2935 1474 3010 quae
1499 2911 1643 2986 liberae
1671 2923 1763 2980 anta
1785 2897 1891 2977 istud

199 3047 352 3130 ternpus
379 3031 559 3120 fuissent,
587 3016 643 3104 'in
671 3041 893 3130 provinciae
925 3035 1089 3108 foemam
1118 3033 1311 3130 redegisse
1343 3033 1549 3110 Suetonius
1572 3031 1729 3130 Vespas.
1745 3027 1820 3110 cib
1848 3041 1892 3100 et

199 3153 408 3248 Eutropius
428 3149 515 3236 v11·,
547 3147 593 3219 13
617 3149 827 3220 memoriae
854 3143 1104 3245 prodiderint.
1126 3151 1389 3222 Licettamen
1415 3169 1498 3220 rem
1525 3153 1594 3220 sub
1618 3154 1780 3246 imperio
1791 3149 1890 3218 Cae·

200 3293 347 3360 urum,
374 3271 442 3369 qni
469 3272 591 3378 secuti
618 3286 724 3358 suut,
751 3269 832 3342 Titi
851 3267 913 3343 uel
926 3267 1144 3342 Domitiani
1156 3267 1219 3345 val
1241 3269 1390 3342 Nervae
1413 3267 1524 3342 alites·
1538 3270 1753 3342 institutam
1774 3268 1891 3342 fuisse

202 3399 375 3491 cogitari.
429 3389 603 3480 Omitto,
638 3387 752 3488 quod
785 3407 931 3464 sumtus
962 3389 1090 3464 levare
1123 3390 1207 3464 sins
1240 3389 1320 3466 nlla
1355 3389 1640 3466 consultatione
1674 3390 1898 3496 praefecto!⁴

201 3517 337 3590 atatim
358 3530 419 3588 est
444 3535 660 3611 aggressus,
688 3535 775 3584 cum
804 3517 887 3610 ipse
913 3509 1121 3586 indicasset
1147 3535 1188 3587 se
1212 3533 1467 3586 memorem
1494 3517 1739 3612 propositi
1754 3513 1890 3588 Caesa·
2035 3585 2040 3596 ,

200 3639 253 3712 ris
287 3637 456 3734 legatum
491 3631 646 3734 quidem
687 3630 950 3721 retinendum,
993 3633 1212 3734 psephisma
1252 3651 1383 3709 autem
1424 3634 1655 3710 mittendum
1687 3642 1890 3734 putavisse,

145 3791 148 3799 ·
202 3765 373 3858 quamvis
398 3757 476 3830 hae
501 3779 550 3829 ex
576 3777 618 3828 re
646 3753 867 3828 offensionis
893 3753 1040 3854 aliquid
1075 3755 1251 3830 subnasci
1279 3778 1395 3857 posse
1415 3757 1601 3853 opineris,
1636 3755 1741 3854 quod
1762 3759 1802 3830 in
1828 3765 1892 3833 ra?

203 3885 405 3982 sponsoris
431 3901 483 3954 ne
508 3875 627 3951 verbo
643 3876 810 3976 quidem
838 3876 978 3950 Caesar
1010 3885 1094 3978 ipse
1121 3875 1406 3975 significaverit,
1439 3879 1678 3978 praefectum
1709 3903 1758 3953 ex
1793 3880 1887 3960 Cae·

204 4009 297 4080 saris
324 4007 441 4099 ipsius
468 4005 669 4098 proposito
696 4022 778 4072 rem
805 4005 974 4098 gessisse.
1027 4001 1125 4077 P'uto
1160 4016 1294 4078 tamen
1324 4007 1366 4078 iu
1399 4001 1477 4078 fine
1509 4001 1748 4101 epistolare
1778 4025 1889 4104 praa·

202 4123 303 4214 tide,
340 4127 406 4222 qui
438 4127 648 4194 memorem
679 4143 720 4194 sa
753 4119 853 4193 illius
875 4125 1071 4221 propositi
1096 4122 1363 4222 significasset,
1402 4131 1540 4198 mirum
1571 4129 1613 4198 in
1639 4121 1797 4198 modurn
1824 4123 1890 4200 ad·

199 4249 325 4345 iungis
379 4244 485 4334 „Te‚
518 4243 710 4333 Domine,
742 4263 858 4340 rogo,
890 4261 953 4332 ut,
984 4243 1078 4343 quid
1106 4247 1268 4334 sentias,
1298 4245 1556 4322 rescribendo
1590 4264 1658 4322 aut
1685 4249 1890 4325 consilium

200 4393 329 4444 meum
358 4365 585 4446 confirmare
621 4381 883 4439 antenorem
911 4365 1117 4442 emendare
1142 4365 1359 4466 ὤμοιϊν*
1413 4369 1600 4444 Omnium
1629 4377 1796 4446 maxime
1822 4369 1889 4446 du·

200 4491 402 4566 bitaserim
427 4505 558 4561 aotam
586 4486 790 4564 Caesarem
814 4493 1079 4562 remissionem
1101 4509 1294 4566 sumtuum
1325 4491 1397 4566 sibi
1421 4488 1624 4607 probatam
1650 4510 1732 4568 tatu
1757 4499 1888 4593 paucis
1964 4501 1966 4508 ’
2057 4478 2067 4489 “

200 4613 318 4692 fuisse
338 4609 642 4709 significatoriae
663 4611 791 4700 ‚verbo
814 4611 935 4686 immo
961 4607 1174 4688 ludibunde
1200 4611 1280 4688 fers
1308 4619 1558 4712 scripturum-r
1610 4617 1824 4716 „Ignoscet
1841 4615 1887 4692 il·
1969 4704 1973 4712 ¹

129 4791 137 4806 .
200 4735 249 4812 lis
270 4752 311 4811 et
332 4735 704 4832 Munuspmsss,
729 4735 761 4808 si
787 4735 912 4808 miuus
936 4731 1047 4810 illum
1073 4753 1270 4812 mantuose
1295 4736 1527 4815 colustrum

1398 4981 1467 5056 30
