4674 5910
718 839 1405 928 ...ψῃ-...-

130 1019 140 1046 ⁸
205 1079 278 1138 ¹ctu
302 1059 532 1162 praefectus.
580 1039 826 1160 [ineptissima
851 1059 1018 1136 inveniri
1036 1057 1081 1132 in
1104 1053 1181 1133 hac
1198 1055 1372 1155 epistola
1396 1059 1473 1130 ism
1496 1053 1666 1132 ostendit
1694 1055 1903 1160 Gierigiuse

205 1202 342 1284 neque
366 1181 499 1258 ιιιιιιιιι
527 1190 715 1258 attentior
742 1179 870 1256 eidem
883 1179 1147 1270 contendenti,
1167 1182 1339 1279 ineptiae
1361 1183 1413 1256 ab
1439 1179 1704 1264 altenazrnann
1732 1173 1817 1258 esee
1835 1183 1900 1260 ad-

200 1305 322 1384 ffltat.
375 1307 589 1407 Epistolam
619 1307 672 1380 ‘29
701 1302 786 1400 (86)
810 1305 996 1378 Traianus
1029 1303 1089 1384 hie
1121 1301 1317 1376 exorditur
1342 1303 1481 1380 verbim
1520 1303 1768 1393 „Potuisti
1801 1315 1899 1383 non
1999 1369 2003 1378 .

199 1427 416 1508 isaer-are
443 1433 546 1503 circa
574 1427 635 1516 id,
669 1417 822 1528 dequo
851 1448 913 1502 me
937 1421 1219 1526 consulendum
1242 1427 1553 1512 existimavisti.
1525 1427 1696 1502 “Verba
1721 1453 1818 1504 sane
1842 1433 1900 1506 ita

202 1569 434 1683 uonvegtess
467 1553 541 1625 Du
574 1549 763 1627 konntast
790 1549 947 1625 nicht
935 1577 976 1624 ιι
992 1548 1275 1647 Vetlegenheit
1302 1551 1403 1644 seins
1444 1545 1657 1647 displicebit
1676 1569 1814 1630 tamen
1840 1553 1900 1628 di·
1954 1613 1964 1628 .

94 1683 105 1697 ’
201 1666 483 1772 ‘candi-genus.
510 1677 589 1774 Ep.
598 1673 651 1748 56
677 1669 762 1768 (to)
786 1653 1043 1773 improbanda
1066 1667 1216 1748 videtur
1243 1670 1363 1747 dictio
1391 1673 1551 1770 quieti
1578 1671 1785 1748 alicuius
1812 1697 1898 1750 roa·
1954 1675 1963 1696 ⁸

206 1807 321 1872 ιιιιιιιι
345 1803 562 1872 iniicere.
608 1785 687 1872 Ειι·
683 1819 801 1872 sane
836 1797 1045 1870 iniicere
1073 1793 1260 1868 manum
1292 1794 1395 1868 idem
1423 1809 1541 1892 atqua
1574 1792 1797 1894 cogerest·
1790 1806 1899 1874 snb
1910 1821 1912 1826 ·

204 1922 325 2008 trai-i,
344 1917 605 1995 ‘retardare
632 1913 799 2012 (Oewalt
825 1915 1033 2007 anthuen'),
1060 1935 1100 1991 et
1126 1935 1234 1992 recte
1256 1917 1427 1991 Valerius
1455 1919 1560 1990 Max.
1585 1919 1649 2010 IV,-
1678 1922 1702 1990 ‘2
1729 1922 1897 2020 scripsit:

210 2041 292 2135 ..At
319 2055 478 2116 externa
505 2035 666 2146 transire
689 2045 901 2116 conanti
926 2045 983 2116 M.
1018 2040 1174 2114 Bibulus
1201 2055 1363 2112 ‘manum
1389 2023 1565 2112 interest
1603 2040 1662 2114 cf.
1696 2048 1897 2140 praeterea

202 2159 345 2241 'Vellei
372 2165 418 2236 Π.
447 2163 519 2253 99,
545 2138 582 2237 3
625 2164 736 2264 Apte
763 2179 892 2236 autern
917 2162 1012 2236 dccl
1018 2187 1133 2263 posse
1160 2168 1318 2260 quieti
1345 2182 1529 2236 manum
1557 2163 1896 2273 iniicerevaldt
1986 2247 1990 2255 ,

204 2279 436 2361 dssbitsmm.
451 2287 522 2382 Ep.
550 2283 601 2358 65
624 2281 713 2379 (bd)
739 2283 1046 2360 molestissimam
1068 2287 1380 2382 interrogationis
1406 2282 1609 2382 eiusdem
1598 2289 1767 2360 invenies
1787 2315 1898 2402 repe·

36 2393 40 2400 ⁴
153 2507 157 2512 Ι
202 2414 400 2482 titionum.
452 2399 638 2480 ΙΙιιιοιιιιιὲ
649 2405 930 2506 negligentiam
958 2409 1179 2504 Giesigius'
1167 2429 1249 2504 ipse
1271 2409 1436 2480 notavit.
1487 2399 1560 2504 Ἑρ
1577 2405 1634 2490 tt
1655 2411 1752 2500 (stt)
1782 2417 1898 2512 caput
1934 2443 1936 2451 =

207 2537 269 2606 rei
289 2523 407 2628 plane
432 2521 614 2602 omissum
629 2530 838 2628 intelliget.
863 2529 1067 2628 Legnntun
1088 2529 1186 2602 haec
1194 2529 1342 2612 verba.
1368 2531 1467 2618 „Est
1492 2534 1534 2602 in
1548 2530 1898 2612 Nicomedensium

206 2649 345 2726 finibus
369 2651 620 2749 amplissimus
636 2652 768 2724 lacust
796 2674 865 2750 per
891 2647 1022 2734 hunc
1021 2668 1232 2740 marmora,
1265 2647 1431 2736 stactus,
1463 2651 1587 2747 ligna,
1616 2662 1819 2748 materiae,
1850 2663 1895 2733 et

202 2786 338 2851 amatu
361 2771 518 2846 modico
546 2788 586 2846 et
612 2773 745 2846 labore
772 2794 892 2872 usque
910 2773 968 2848 ad
992 2767 1093 2868 viam
1116 2768 1283 2862 navibus,
1311 2771 1402 2846 inde
1422 2794 1562 2870 magno
1584 2769 1730 2866 labore,
1742 2769 1910 2888 maiore¹

207 2893 409 2994 impendio
432 2893 614 2968 vehiculis
635 2893 695 2968 ad
708 2917 812 2972 tnare
833 2891 1145 2970 devehuntur.
1112 2933 1163 2950 ··-·
1185 2933 1236 2950 -
1265 2893 1357 2969 sed
1367 2895 1445 2968 hoe
1469 2916 1566 2993 opus
1593 2875 1744 2972 multas
1762 2909 1897 2978 mantis

63 3021 69 3030 '
205 3019 381 3116 poscit.“
414 3019 611 3090 Lacunam
639 3016 791 3092 codices
820 3043 901 3087 non
924 3019 1111 3089 innuunt.
1146 3035 1276 3088 mente
1304 3015 1421 3088 addes
1449 3041 1549 3107 quae
1575 3011 1787 3092 excidisse
1785 3043 1898 3117 puta·

206 3141 269 3212 ιιι
289 3130 570 3209 liittershissius
593 3132 723 3204 verba:
751 3127 814 3220 „id
841 3133 978 3226 corrigi
1005 3143 1191 3226 potestat
1207 3127 1563 3225 minoriinspcndio
1585 3131 1697 3224 effici,
1727 3157 1767 3210 ut
1789 3165 1895 3218 com.

202 3249 362 3332 enodius
390 3253 549 3326 materia
575 3250 845 3346 devehatur5'“¹
867 3271 998 3326 verum
1034 3252 1126 3348 quin
1154 3255 1321 3348 scriptor
1353 3243 1626 3349 negligentiam
1653 3249 1894 3362 suam'egre·

203 3380 274 3478 gie
300 3373 617 3464 manifestaverit,
636 3371 830 3472 ¹equidem·
846 3365 1103 3449 non-dubim.
1128 3433 1132 3442 .
1156 3375 1327 3449 Maximo
1345 3366 1496 3462 autem,
1518 3378 1585 3473 qni
1611 3376 1761 3454 nbverit
1781 3377 1895 3464 Plinii

4 3573 6 3590 .
107 3583 126 3592 ,
207 3504 371 3574 iunioris
395 3495 549 3570 dicendi
577 3519 713 3594 genus,
742 3521 831 3574 cunt
858 3496 1049 3569 offensura
1075 3514 1171 3595 puto
1195 3499 1310 3570 verba
1337 3520 1397 3596 ep.
1426 3497 1472 3568 ‘dl
1504 3498 1617 3588 (ὅθι
1651 3505 1896 3604 „Prusenses
2007 3520 2012 3530 “

207 3623 399 3706 Domine,
426 3621 619 3692 balineum
646 3615 790 3706 habent
818 3635 858 3690 et
885 3617 1081 3697 sordidam
1108 3631 1293 3692 etvetus.
1332 3615 1534 3717 Iditaque
1559 3605 1799 3722 indulgentia
1827 3627 1896 3708 tua
1995 3719 1999 3730 .

208 3749 412 3820 restituere
439 3739 667 3814 desiderant.
720 3743 816 3838 Ego
857 3758 1016 3814 tamen
1056 3747 1318 3819 aestimans
1351 3756 1526 3815 'novum
1561 3733 1680 3826 ”lilasi
1720 3742 1894 3836 debella

207 3863 390 3942 videris
418 3863 536 3936 mihi
564 3856 805 3936 desiderio
834 3886 998 3936 eorum
1025 3861 1283 3962 indulgere
1305 3867 1483 3961 posse.“
1507 3853 1595 3939 Scio
1613 3875 1652 3941 in
1675 3879 1896 3968 prestantis-

210 3989 314 4063 simis
353 3989 599 4083 scriptoribus
634 3983 865 4060 anacolutha
897 3983 1085 4060 eiusmodi
1118 3988 1228 4060 obvia
1253 4009 1353 4058 esse:
1395 4003 1435 4060 at
1461 3987 1572 4060 Plinii
1600 3996 1785 4089 epistolae
1810 4001 1896 4076 nul·

191 4109 292 4208 ‘lunt
319 4109 508 4210 praebent
541 4107 770 4210 exemplum.
804 4113 984 4208 ·-Insupar
1005 4110 1056 4180 -in
1087 4127 1168 4181 tam
1198 4107 1309 4194 brevi
1334 4110 1497 4207 epistola
1525 4129 1671 4186 tantam
1700 4121 1897 4220 negligen.

208 4240 304 4308 tiam
331 4235 602 4331 permissurum
630 4231 698 4304 sibi
725 4231 838 4304 fuisse
866 4231 1030 4305 Plinium
1055 4229 1159 4304 credi
1185 4237 1247 4305 six
1273 4231 1383 4304 licetr
1425 4254 1552 4330 neque
1582 4233 1745 4314 credidit
1773 4243 1929 4320 Gieri·‘

206 4361 309 4456 gius,
336 4356 402 4456 qui
430 4357 662 4428 comecturit
688 4353 796 4426 illum
825 4377 846 4427 a
871 4351 959 4428 labe
984 4355 1197 4428 immunem
1225 4350 1385 4428 reddere
1413 4353 1567 4429 studuit.

367 4601 448 4670 Iam
475 4601 599 4694 igitur,
627 4603 788 4698 quoties,
816 4621 914 4696 quae
929 4595 1121 4698 disputata
1144 4616 1248 4689 sunt,
1268 4599 1408 4699 colligo
1435 4598 1537 4697 apud
1564 4609 1731 4677 animum
1754 4631 1894 4701 meum,

206 4716 350 4796 haud
339 4725 531 4794 immerito
557 4717 606 4792 de
630 4717 868 4794 laudatarum
896 4703 1149 4822 epistolarum
1172 4723 1338 4820 origine,
1360 4723 1529 4822 qualem
1557 4725 1802 4806 crediderunt
1828 4731 1894 4808 ad·

209 4843 288 4918 huc
314 4844 385 4922 siri
412 4839 529 4958 docti,
557 4839 732 4916 dubitate
751 4867 864 4943 posse
891 4843 985 4919 mihi
1011 4840 1153 4920 videor.
1193 4847 1364 4945 Augetur
1387 4843 1576 4920 dubitatio
1602 4873 1648 4924 eo
1672 4856 1768 4952 ipso,
1789 4854 1895 4954 qnod
