4674 5910
888 883 1609 962 ---id·-·-·-·.

388 1093 618 1170 inchoatum
656 1121 751 1197 opus
784 1095 1120 1199 reprehendentis,
1161 1119 1276 1194 quem
1294 1101 1392 1204 ,ipse
1428 1096 1620 1170 aemulum
1645 1097 1746 1172 illius
1785 1098 1974 1198 appellat,
2008 1098 2075 1202 qui

390 1214 495 1291 istud
517 1217 767 1294 inchoaverit.
820 1222 952 1296 Iamsi
978 1235 1107 1318 patet,
1134 1225 1206 1292 etsi
1230 1215 1467 1292 exstiuendis
1495 1221 1671 1316 operibus
1694 1241 1880 1318 perquam
1902 1219 2075 1296 deditum

390 1333 508 1428 fuisse
531 1358 683 1414 constet
709 1343 932 1430 Traianum,
965 1357 1098 1414 tamen
1123 1337 1341 1414 huiusmodi
1367 1363 1427 1414 res
1451 1337 1556 1413 haud
1581 1346 1671 1414 satis
1699 1341 1814 1416 fuisse
1840 1341 1990 1439 dignas,
2024 1338 2074 1418 ds

391 1457 529 1554 quibus
555 1461 704 1537 Romae
726 1461 1021 1562 disceptaretur,
1047 1462 1224 1561 prolecto
1251 1460 1329 1534 hoc
1344 1484 1499 1559 quoque
1521 1459 1773 1550 concedetur,
1799 1487 1882 1536 non
1902 1464 2075 1563 potuisse

392 1584 466 1664 nisi
492 1577 779 1679 diligentissime
805 1581 988 1660 edoctum
1011 1585 1211 1659 Caesarem
1236 1585 1433 1657 absentent
1459 1580 1510 1657 de'
1533 1588 1578 1656 iis
1603 1590 1832 1683 transiger03
1860 1603 1968 1660 certe
1992 1591 2075 1684 ipse

391 1703 565 1777 rescribit
592 1727 652 1803 ep.
679 1705 729 1776 3t
757 1704 861 1798 (lios
913 1703 1049 1802 „Quid
1076 1721 1256 1805 oporteat
1282 1703 1378 1778 fieri.
1397 1705 1498 1778 circa
1533 1701 1744 1793 theatrum,
1778 1704 1883 1804 quod
1915 1705 2074 1782 inclroao'

393 1835 478 1896 tum
504 1823 608 1922 apud
630 1827 816 1900 Nicenses
843 1845 924 1917 est,
946 1830 997 1901 in
1021 1851 1075 1901 re
1099 1831 1346 1925 praesenti
1374 1817 1520 1923 optime
1542 1823 1767 1902 deliberabis
1790 1845 1830 1902 et
1851 1829 2073 1906 constituet.

392 1941 492 2020 tttta
518 1943 681 2022 sufficiet
706 1945 884 2040 indicari,
910 1951 975 2024 cui
1001 1955 1216 2024 sententiae
1240 1947 1484 2022 accesseris.“

550 2187 666 2265 Haud
699 2189 913 2290 digniorem
946 2191 1234 2268 consultatione
1270 2215 1354 2266 rem
1396 2195 1689 2266 existimaverim
1730 2191 2076 2290 interrogationem

261 2357 265 2364 ·
393 2306 598 2404 praelecti,
624 2335 740 2410 quarn
767 2319 945 2389 continet
968 2338 1031 2413 ep.
1059 2313 1110 2387 39
1133 2310 1239 2406 (30),
1270 2331 1399 2386 utrum
1425 2337 1496 2412 per
1520 2310 1696 2412 publicos'
1723 2317 1920 2388 civitatum
1947 2335 2074 2390 servos

395 2425 518 2524 (quod
533 2429 583 2508 ad
608 2432 704 2510 illud
729 2459 851 2534 usque
874 2454 1028 2535 tenipus
1055 2431 1227 2524 iactum),
1253 2458 1305 2509 an
1329 2457 1401 2534 per
1423 2435 1563 2508 milites
1590 2431 1777 2511 adservari
1799 2433 1986 2509 deberent
2007 2457 2073 2510 cu·

395 2547 556 2626 stadiae.
591 2556 654 2629 De
680 2579 723 2630 rs
749 2573 829 2630 tam
856 2580 972 2657 parva
995 2554 1159 2632 doluisse
1181 2553 1417 2632 decernendi
1442 2573 1676 2654 potestatem
1689 2556 1893 2654 praefectis
1918 2562 2073 2656 provin·

395 2673 540 2746 clarum
564 2681 628 2750 vix
643 2691 646 2699 ’
662 2673 904 2754 crediderim.
957 2681 1157 2754 Praeterea
1192 2701 1307 2753 nosse
1337 2675 1513 2752 nostrum
1540 2676 1746 2776 oportebat
1782 2679 1937 2750 Traiani
1961 2699 2074 2777 prae·

395 2807 571 2888 ceptum,
611 2821 726 2896 quam
761 2801 1011 2900 paucissimos
1040 2800 1180 2874 milites
1215 2823 1239 2874 a
1273 2801 1391 2899 signis
1425 2795 1643 2874 avocandos
1676 2821 1770 2872 esee.
1826 2799 1922 2894 Quis
1955 2815 2083 2898 porro·

394 2917 576 3010 opinetur
608 2919 812 3017 epistolam
844 2919 1066 2996 huiusmodi
1099 2922 1145 2996 tt
1177 2917 1268 3015 (33)
1295 2923 1477 3022 scriptam
1503 2913 1617 2998 iuis'ss
1646 2919 1894 3015 aBithyniae
1921 2937 2074 2994 rectore

393 3027 445 3104 ad
463 3033 687 3109 Traianum:
720 3041 996 3134 ,‚Sempronius
1025 3043 1245 3120 Caelianus,
1268 3047 1439 3129 egregius
1464 3047 1626 3121 iuvenis,
1651 3056 1825 3130 repertos
1851 3045 1954 3110 inter
1978 3043 2073 3112 tiro·

392 3173 463 3226 nes
498 3151 595 3229 duos
623 3176 750 3228 servos
777 3160 879 3228 misit
902 3151 952 3248 ad
981 3175 1077 3226 mer.
1095 3174 1260 3250 quorum
1284 3175 1357 3248 ego
1384 3152 1613 3251 supplicium
1640 3151 1785 3244 distuli,
1819 3171 1863 3227 ut
1888 3175 1946 3246 te,
1979 3180 2073 3234 cort·

392 3270 559 3351 ditorem
593 3273 818 3374 disciplinae
853 3273 1025 3346 militaris
1058 3271 1388 3367 firmatoremque,
1422 3273 1664 3346 consulerem
1689 3271 1738 3348 de
1764 3275 1882 3348 modo
1909 3301 2073 3376 poenae.

391 3395 479 3492 lpse
511 3401 617 3470 eninr
649 3394 783 3468 dubito
816 3393 866 3467 ob
899 3390 998 3465 haec
1032 3396 1214 3479 maxime,
1253 3388 1359 3488 quod
1389 3391 1564 3466 nondum
1592 3392 1782 3468 distributi
1819 3403 1859 3467 in
1893 3423 2073 3476 numeros

394 3531 516 3620 eram.
569 3511 675 3610 Quid
701 3537 791 3612 ergo
817 3511 978 3589 debeam
1006 3512 1133 3610 sequi,
1160 3512 1344 3587 scribas.“
1394 3515 1550 3588 Etenim
1575 3519 1699 3614 primo
1725 3517 1963 3614 praefectum
1982 3545 2074 3622 pro·

392 3641 559 3725 vinciae,
586 3634 679 3736 quid
705 3637 773 3710 tali
795 3643 836 3709 in
862 3661 905 3710 re
932 3631 1246 3708 constituendum
1273 3652 1392 3724 esset,
1425 3641 1523 3710 scire
1550 3637 1740 3736 oportuit,
1780 3637 1897 3712 modo
1924 3665 1976 3714 ne
2001 3650 2072 3718 mi.

392 3783 478 3834 rum
504 3777 691 3857 quantum
716 3759 870 3854 ignarus
896 3757 1024 3854 legum
1051 3755 1271 3830 militarium
1296 3754 1430 3828 haberi
1463 3758 1637 3832 voluerit.
1689 3757 1790 3830 Turn
1816 3784 1907 3834 vero
1933 3760 2072 3838 ridicu·

271 3875 275 3887 '
392 3879 479 3956 lm
514 3879 618 3964 idem
657 3880 960 3952 assentationem
999 3881 1292 3976 interrogationi
1330 3872 1535 3952 immis'cuit
1574 3877 1818 3952 conditorem
1851 3877 2073 3982 disciplinae

393 4003 566 4078 militaris
594 4001 793 4100 appellans
818 4001 1026 4074 Traianum
1052 4021 1101 4072 eo
1135 4005 1219 4097 ipso
1251 4013 1446 4098 ternpore,
1488 4023 1566 4097 quo
1603 3997 1652 4073 de
1685 4023 1728 4074 re
1760 4008 1957 4100 perexigui
1986 4024 2077 4086 tan.

393 4141 477 4198 tum
516 4127 705 4198 momenti
745 4121 984 4196 consultaret
1024 4118 1203 4200 eundem.
1263 4121 1444 4218 Denique
1476 4123 1661 4194 Traianus
1696 4123 1781 4220 ipse
1823 4143 1980 4199 coactus
2012 4146 2072 4203 est

391 4243 631 4346 praelectum
658 4269 767 4320 suum
794 4241 976 4333 edocere,
1011 4239 1208 4342 quomodo
1236 4237 1425 4316 derebus
1452 4242 1689 4317 istiusmodi
1720 4241 1904 4316 iudicium
1931 4243 2071 4324 debeat

392 4365 527 4444 afferri.
579 4366 737 4442 Referre
754 4369 837 4466 ait,
862 4363 1069 4439 voluntarii
1095 4387 1135 4438 ee
1161 4361 1388 4452 obtulerint,
1415 4385 1464 4435 an
1486 4361 1580 4438 lecti
1606 4369 1692 4453 sint,
1717 4363 1778 4438 vel
1804 4365 1921 4446 etiam
1942 4373 2072 4448 ricerii

393 4491 483 4566 dati.
535 4489 640 4564 Nihil
679 4487 817 4562 horum
854 4504 935 4562 erat
970 4483 1194 4560 indicatum.
1254 4489 1456 4572 Frontem,
1499 4481 1634 4575 credo,
1674 4488 1927 4562 contraxisset
1960 4513 2078 4568 verus·
2227 4499 2233 4506 '

328 4691 332 4700 ,
392 4615 577 4700 Traianus
607 4612 853 4710 legatumque
892 4633 1002 4684 suurn
1037 4609 1259 4704 castigasset
1301 4607 1459 4694 merito,
1499 4608 1534 4678 si
1567 4611 1807 4704 quaestiones
1840 4609 1916 4700 isto
1951 4611 2078 4688 modo.

392 4737 613 4836 propositas
639 4737 712 4832 ipsi
744 4730 903 4804 fuissent
930 4729 982 4805 ad
1014 4725 1314 4803 deliberandum.
1367 4725 1536 4801 Similem
1564 4728 1835 4826 negligentiam
1859 4738 2070 4830 reperimus

392 4857 601 4932 scemam
622 4871 799 4930 notatam
825 4857 868 4928 in
893 4851 1058 4951 epistola
1084 4849 1371 4950 quadragesima
1404 4855 1567 4949 septima
1593 4849 1697 4942 (tt)
1729 4850 1923 4926 merome
1947 4855 2067 4932 Nico.
