4674 5910
670 741 1354 820 ms...-

168 923 254 1040 lalsi
280 969 322 1038 itt
348 963 546 1037 metellum
572 957 773 1034 damnatus
802 956 914 1030 dixits
942 953 1077 1054 quibus
1106 973 1194 1026 cum
1221 949 1319 1027 divi
1346 955 1532 1027 Nervae
1554 947 1723 1026 edictum
1749 945 1854 1026 addi·

171 1105 253 1160 tum
280 1091 509 1184 reperiatur,
544 1081 636 1182 quid
663 1083 738 1155 veri
767 1097 897 1188 potest
927 1077 1083 1150 similius
1107 1081 1242 1163 statui,
1283 1097 1398 1172 quam
1432 1077 1633 1148 Traiani
1668 1097 1853 1148 succes·

170 1213 293 1280 soris
335 1210 548 1304 exspectari
584 1203 759 1276 debuisse
793 1199 1052 1299 responsum?
1105 1201 1213 1272 Haec
1247 1194 1528 1294 praemittenda
1557 1220 1638 1269 esse
1671 1193 1853 1270 rideban-

104 1317 114 1338 ”
170 1345 252 1417 tur,
292 1345 336 1400 ut
371 1333 537 1400 certiore
575 1323 677 1425 pede
695 1345 868 1424 pergere
911 1341 1109 1422 possemus
1145 1324 1187 1392 in
1229 1314 1383 1392 diversis
1418 1324 1757 1418 argumentationis
1791 1324 1852 1392 iti·

170 1449 335 1525 neribus.
403 1471 408 1484 ·

332 1763 522 1860 Gierigius
557 1785 639 1837 non
671 1761 877 1836 infeliciter
911 1776 1073 1833 conatus
1104 1775 1163 1831 est
1199 1775 1345 1832 certum
1380 1754 1573 1856 quendam
1604 1759 1856 1858 epistolarum

170 1887 407 1958 constituere
435 1883 620 1957 ordinem.
674 1884 883 1958 Auctorem
911 1905 1042 1956 earum
1068 1881 1179 1954 initio
1216 1885 1400 1978 temporis
1431 1877 1609 1954 ordinem
1634 1881 1855 1960 observasse

169 2027 252 2078 uon
306 2003 486 2080 dixerim:
537 1983 756 2104 probandos
796 2021 927 2077 tamen
966 2002 1116 2077 videtur
1157 2020 1319 2076 conatus
1361 2001 1427 2074 ille
1466 2017 1691 2101 propterea,
1738 2003 1855 2104 quod,

171 2123 493 2226 quemadmodum
520 2109 722 2222 Bithyniae
748 2133 909 2200 rectoris
936 2131 1052 2198 vitam
1080 2149 1138 2198 ac*
1159 2125 1328 2200 rationes
1359 2140 1491 2196 mente
1518 2123 1856 2222 comprehenderit

171 2263 325 2334 auctor,
361 2245 585 2320 dissiliret.
639 2251 700 2320 Bis
728 2265 858 2322 tamen
886 2272 1029 2322 errasse
1057 2265 1152 2347 puto
1182 2247 1403 2344 Gier'igium.
1455 2245 1668 2344 Epistolam
1695 2249 1855 2342 scilicet,

170 2391 246 2466 qua
274 2367 460 2441 Suetonio
488 2361 711 2470 Tranquillo
741 2369 787 2444 ab
815 2375 1048 2468 imperatore
1078 2375 1135 2444 ius
1170 2373 1285 2472 trium
1324 2364 1532 2442 liberorum
1561 2372 1643 2466 peti
1674 2370 1855 2472 intelligi·

170 2513 272 2577 mus,
299 2496 587 2586 nonagesimam
615 2509 787 2590 quartam
815 2490 901 2584 (95)
930 2517 977 2564 ex
1004 2489 1183 2587 Bithynia
1206 2487 1336 2564 datam
1367 2511 1451 2564 esse
1477 2507 1630 2578 censet,
1663 2496 1704 2566 ni
1731 2492 1856 2586 fallor,

170 2605 351 2684 inductus
377 2611 520 2684 serbis:
545 2615 687 2701 „Potes
715 2629 843 2688 autem
872 2614 1072 2711 colligere,
1100 2597 1341 2712 quantopere
1369 2615 1533 2710 cupiam,
1560 2609 1666 2710 quod
1689 2639 1771 2689 non
1793 2640 1855 2689 ro-

171 2751 301 2830 garam
330 2734 482 2823 absens,
511 2735 541 2804 si
568 2732 813 2811 mediocriter
840 2733 1061 2833 cuperem.“
1114 2731 1190 2807 Sed
1223 2757 1294 2831 per
1328 2757 1370 2806 se
1403 2756 1538 2831 parum
1566 2750 1625 2805 est
1650 2741 1728 2806 veri
1755 2741 1857 2812 simi·
1983 2770 1989 2781 ¹

171 2850 229 2942 le,
255 2853 493 2952 praefectum
521 2855 721 2952 Bithyniae
748 2881 795 2930 ex
815 2855 890 2929 hac
912 2862 993 2956 ipsa
1016 2874 1117 2930 terra
1138 2859 1347 2954 petiturum
1372 2852 1486 2926 fuisse
1513 2855 1587 2927 civi
1608 2857 1788 2963 {lomatio
1806 2859 1854 2936 ab

170 2978 405 3073 imperatore
432 2977 489 3047 ius
521 2978 635 3049 trium
669 2977 876 3053 liberorum
905 2997 942 3050 et
972 2978 1120 3050 facilius
1154 2975 1339 3070 cogitabis
1374 2993 1571 3048 auctorem
1607 2979 1856 3075 epistolarum

169 3094 334 3178 voluisse
361 3095 526 3164 Plinium
549 3095 667 3164 videri
700 3097 879 3187 petivisse
908 3095 1072 3186 epistola
1107 3117 1156 3162 ex
1187 3095 1311 3186 patria
1345 3117 1412 3162 sua
1446 3095 1507 3164 vel
1540 3097 1617 3166 alio
1644 3109 1854 3199 municipio

170 3219 295 3286 missa.
348 3209 565 3284 Secundam
594 3227 720 3284 autem
757 3209 1006 3310 epistolarum
1029 3210 1324 3306 Propraetorem
1355 3206 1552 3285 advenisse
1584 3214 1727 3314 Ephesi
1754 3245 1854 3300 nun.

169 3339 332 3408 tiantem
361 3357 428 3404 cur
453 3333 624 3428 epistolis
652 3357 699 3408 ex
725 3331 904 3426 Bithynia
936 3329 1034 3404 datie
1065 3334 1212 3402 censeri
1254 3354 1336 3404 non
1358 3331 1493 3422 liceat,
1535 3341 1661 3435 primo
1683 3343 1759 3412 iarn
1788 3340 1854 3417 ad·

171 3472 306 3555 spectu
345 3472 516 3552 apparet.
570 3456 720 3527 Demtis
749 3455 864 3550 igitur
899 3451 1071 3554 epistolis
1107 3450 1180 3525 illis
1213 3449 1359 3526 duabus
1389 3476 1466 3528 una
1495 3477 1583 3528 cum
1613 3458 1768 3556 Traiani
1793 3439 1853 3540 ress

170 3577 379 3678 sponsoriis
408 3582 577 3673 quinque
606 3595 644 3650 et
670 3577 947 3674 quinquaginta
975 3573 1257 3662 numerabimus
1286 3574 1485 3672 epistolas,
1520 3601 1613 3674 quas
1636 3581 1760 3659 Plinio
1788 3584 1854 3662 ad·

105 3761 110 3768 .
168 3699 346 3772 tribuerit
389 3714 524 3798 auctor
558 3705 725 3796 quinque
759 3715 797 3769 et
830 3694 1099 3796 quadraginta,
1142 3719 1236 3793 quas
1277 3697 1483 3780 Traianum
1520 3704 1711 3796 scripsisse
1748 3706 1854 3782 credi

169 3817 273 3918 idem
297 3824 450 3918 cupivit.
504 3821 583 3892 Iam
606 3817 816 3908 rideamus,
837 3842 932 3890 num
953 3819 1156 3894 intratam
1179 3819 1293 3892 breve
1315 3823 1497 3918 temporis
1521 3805 1745 3900 concessum
1767 3851 1854 3928 spa.

170 3947 268 4054 tium
294 3959 356 4014 tot
385 3964 432 4014 ex
464 3939 643 4039 Bithynia
670 3941 835 4016 Romam
862 3956 903 4015 et
929 3941 976 4016 ab
1002 3937 1077 4014 hac
1102 3941 1196 4012 urbe
1222 3940 1264 4012 in
1288 3939 1509 4038 Bithyniam
1529 3953 1728 4044 potuerint
1751 3955 1852 4028 mitti

170 4061 373 4164 epistolae.

328 4363 580 4456 Notissimum
613 4379 690 4454 est,
729 4357 1027 4439 Proeonsuh‘b'us
1059 4361 1124 4448 vel
1152 4357 1468 4464 Propraetonhus
1504 4390 1671 4446 ammam
1700 4390 1854 4452 tantum

171 4487 453 4584 provinciarum
484 4482 854 4561 administrationem
888 4481 988 4560 tradi
1015 4484 1129 4560 fuisse
1156 4487 1327 4577 solitam,
1369 4513 1496 4588 neque
1530 4510 1660 4568 tamen
1696 4495 1853 4596 negabis

137 4615 141 4628 '
173 4605 322 4704 aliquot
356 4628 423 4678 eos
466 4605 658 4682 interdum
697 4609 890 4682 mensibus
932 4614 1136 4682 excessisse
1178 4610 1430 4684 coustitutum
1464 4615 1657 4714 regiminis
1691 4635 1856 4718 tempus,

172 4725 302 4801 habita
329 4723 598 4802 difficultatum
623 4733 794 4822 ratione,
835 4751 930 4830 quat
956 4731 1023 4830 qui
1055 4737 1099 4806 in
1124 4729 1228 4808 alia?
1243 4747 1431 4809 terrarum
1465 4739 1566 4812 orbis
1592 4755 1720 4837 partes
1748 4763 1854 4816 com·
