<?xml version="1.0" encoding="UTF-8"?>
<!DOCTYPE html PUBLIC "-//W3C//DTD XHTML 1.0 Transitional//EN"
    "http://www.w3.org/TR/xhtml1/DTD/xhtml1-transitional.dtd">
<html xmlns="http://www.w3.org/1999/xhtml" xml:lang="en" lang="en">
 <head>
  <title>
</title>
<meta http-equiv="Content-Type" content="text/html;charset=utf-8" />
  <meta name='ocr-system' content='tesseract 3.04.00' />
  <meta name='ocr-capabilities' content='ocr_page ocr_carea ocr_par ocr_line ocrx_word'/>
</head>
<body>
  <div class='ocr_page' id='page_1' title='image "./prolegomenaadli00heldgoog_0027.png"; bbox 0 0 4674 5910; ppageno 0'>
   <div class='ocr_carea' id='block_1_1' title="bbox 927 780 1615 856">
    <p class='ocr_par' dir='ltr' id='par_1_1' title="bbox 927 780 1615 856">
     <span class='ocr_line' id='line_1_1' title="bbox 927 780 1615 856; baseline -0.013 -1"><span class='ocrx_word' id='word_1_1' title='bbox 927 780 1615 856; x_wconf 49' lang='lat'>——20--2</span> 
     </span>
    </p>
   </div>
   <div class='ocr_carea' id='block_1_2' title="bbox 444 982 2114 1098">
    <p class='ocr_par' dir='ltr' id='par_1_2' title="bbox 444 982 2114 1098">
     <span class='ocr_line' id='line_1_2' title="bbox 444 982 2114 1098; baseline 0.015 -43"><span class='ocrx_word' id='word_1_2' title='bbox 444 1005 448 1018; x_wconf 74' lang='grc'>’·</span> <span class='ocrx_word' id='word_1_3' title='bbox 584 985 636 1064; x_wconf 78' lang='lat' dir='ltr'>At</span> <span class='ocrx_word' id='word_1_4' title='bbox 661 986 759 1061; x_wconf 89' lang='lat' dir='ltr'>baec</span> <span class='ocrx_word' id='word_1_5' title='bbox 786 983 992 1062; x_wconf 80' lang='lat' dir='ltr'>suffectura</span> <span class='ocrx_word' id='word_1_6' title='bbox 1019 1007 1095 1084; x_wconf 83' lang='lat' dir='ltr'>ego</span> <span class='ocrx_word' id='word_1_7' title='bbox 1123 982 1340 1085; x_wconf 76' lang='lat' dir='ltr'>opinorsed</span> <span class='ocrx_word' id='word_1_8' title='bbox 1366 985 1700 1089; x_wconf 77' lang='lat' dir='ltr'>comprobandam</span> <span class='ocrx_word' id='word_1_9' title='bbox 1724 1001 2005 1087; x_wconf 56' lang='lat' dir='ltr'>sententious</span> <span class='ocrx_word' id='word_1_10' title='bbox 1992 1023 2114 1098; x_wconf 83' lang='lat' dir='ltr'>tmpe-</span> 
     </span>
    </p>
   </div>
   <div class='ocr_carea' id='block_1_3' title="bbox 264 1107 2116 1238">
    <p class='ocr_par' dir='ltr' id='par_1_3' title="bbox 264 1107 2116 1238">
     <span class='ocr_line' id='line_1_3' title="bbox 264 1107 2116 1238; baseline 0.003 -48"><span class='ocrx_word' id='word_1_11' title='bbox 264 1164 277 1190; x_wconf 86' lang='lat'>.</span> <span class='ocrx_word' id='word_1_12' title='bbox 425 1131 596 1192; x_wconf 77' lang='lat' dir='ltr'>satorem</span> <span class='ocrx_word' id='word_1_13' title='bbox 635 1107 884 1238; x_wconf 84' lang='lat' dir='ltr'>prudentem,</span> <span class='ocrx_word' id='word_1_14' title='bbox 931 1108 1059 1207; x_wconf 80' lang='lat' dir='ltr'>qualia</span> <span class='ocrx_word' id='word_1_15' title='bbox 1088 1111 1375 1186; x_wconf 60' lang='lat' dir='ltr'>sputineantur</span> <span class='ocrx_word' id='word_1_16' title='bbox 1415 1115 1609 1212; x_wconf 86' lang='lat' dir='ltr'>epistolis</span> <span class='ocrx_word' id='word_1_17' title='bbox 1621 1113 1763 1192; x_wconf 88' lang='lat' dir='ltr'>decimi</span> <span class='ocrx_word' id='word_1_18' title='bbox 1790 1117 1884 1193; x_wconf 84' lang='lat' dir='ltr'>libri</span> <span class='ocrx_word' id='word_1_19' title='bbox 1918 1143 2116 1221; x_wconf 76' lang='lat' dir='ltr'>responsa,</span> 
     </span>
    </p>
   </div>
   <div class='ocr_carea' id='block_1_4' title="bbox 334 1229 1179 1340">
    <p class='ocr_par' dir='ltr' id='par_1_4' title="bbox 334 1229 1179 1340">
     <span class='ocr_line' id='line_1_4' title="bbox 334 1229 1179 1340; baseline -0.014 -25"><span class='ocrx_word' id='word_1_20' title='bbox 334 1319 341 1340; x_wconf 38' lang='lat'><em>⁶</em></span> <span class='ocrx_word' id='word_1_21' title='bbox 426 1237 520 1316; x_wconf 81' lang='lat' dir='ltr'>talla</span> <span class='ocrx_word' id='word_1_22' title='bbox 545 1241 606 1310; x_wconf 81' lang='lat' dir='ltr'>vix</span> <span class='ocrx_word' id='word_1_23' title='bbox 633 1238 779 1332; x_wconf 88' lang='lat' dir='ltr'>censeri</span> <span class='ocrx_word' id='word_1_24' title='bbox 809 1253 923 1330; x_wconf 88' lang='lat' dir='ltr'>posse</span> <span class='ocrx_word' id='word_1_25' title='bbox 931 1229 1179 1306; x_wconf 74' lang='lat' dir='ltr'><strong>exhibuisse.</strong></span> 
     </span>
    </p>
   </div>
   <div class='ocr_carea' id='block_1_5' title="bbox 416 1455 2182 1940">
    <p class='ocr_par' dir='ltr' id='par_1_5' title="bbox 416 1455 2182 1940">
     <span class='ocr_line' id='line_1_5' title="bbox 582 1455 2122 1584; baseline 0.005 -31"><span class='ocrx_word' id='word_1_26' title='bbox 582 1483 664 1553; x_wconf 89' lang='lat' dir='ltr'>Iam</span> <span class='ocrx_word' id='word_1_27' title='bbox 701 1477 732 1552; x_wconf 89' lang='lat' dir='ltr'>si</span> <span class='ocrx_word' id='word_1_28' title='bbox 760 1472 1002 1550; x_wconf 87' lang='lat' dir='ltr'>considerata</span> <span class='ocrx_word' id='word_1_29' title='bbox 1037 1472 1285 1574; x_wconf 86' lang='lat' dir='ltr'>epistolarum</span> <span class='ocrx_word' id='word_1_30' title='bbox 1327 1455 1451 1555; x_wconf 71' lang='lat' dir='ltr'>forma</span> <span class='ocrx_word' id='word_1_31' title='bbox 1481 1475 1619 1554; x_wconf 79' lang='lat' dir='ltr'>frustra</span> <span class='ocrx_word' id='word_1_32' title='bbox 1653 1487 1881 1579; x_wconf 71' lang='lat' dir='ltr'>quaesiveris</span> <span class='ocrx_word' id='word_1_33' title='bbox 1913 1488 2122 1584; x_wconf 73' lang='lat' dir='ltr'>temporit,</span> 
     </span>
     <span class='ocr_line' id='line_1_6' title="bbox 416 1595 2107 1707; baseline 0.004 -29"><span class='ocrx_word' id='word_1_34' title='bbox 416 1595 503 1707; x_wconf 64' lang='lat' dir='ltr'>‘duo</span> <span class='ocrx_word' id='word_1_35' title='bbox 532 1601 646 1676; x_wconf 88' lang='lat' dir='ltr'>datae</span> <span class='ocrx_word' id='word_1_36' title='bbox 671 1599 831 1686; x_wconf 82' lang='lat' dir='ltr'>fuerint,</span> <span class='ocrx_word' id='word_1_37' title='bbox 864 1595 1047 1670; x_wconf 85' lang='lat' dir='ltr'>indicium</span> <span class='ocrx_word' id='word_1_38' title='bbox 1074 1602 1310 1695; x_wconf 71' lang='lat' dir='ltr'>senserisque</span> <span class='ocrx_word' id='word_1_39' title='bbox 1337 1605 1529 1696; x_wconf 79' lang='lat' dir='ltr'>egregium</span> <span class='ocrx_word' id='word_1_40' title='bbox 1557 1603 1774 1702; x_wconf 83' lang='lat' dir='ltr'>exemplum</span> <span class='ocrx_word' id='word_1_41' title='bbox 1801 1606 1960 1704; x_wconf 78' lang='lat' dir='ltr'>Augusti</span> <span class='ocrx_word' id='word_1_42' title='bbox 1987 1614 2107 1706; x_wconf 86' lang='lat' dir='ltr'>impe·</span> 
     </span>
     <span class='ocr_line' id='line_1_7' title="bbox 422 1718 2118 1821; baseline 0.001 -18"><span class='ocrx_word' id='word_1_43' title='bbox 422 1731 580 1814; x_wconf 76' lang='lat' dir='ltr'>rasoris,</span> <span class='ocrx_word' id='word_1_44' title='bbox 613 1733 727 1820; x_wconf 79' lang='lat' dir='ltr'>qoem</span> <span class='ocrx_word' id='word_1_45' title='bbox 754 1719 804 1792; x_wconf 79' lang='lat' dir='ltr'>ad</span> <span class='ocrx_word' id='word_1_46' title='bbox 831 1719 1013 1821; x_wconf 61' lang='lat' dir='ltr'>epistolis</span> <span class='ocrx_word' id='word_1_47' title='bbox 1039 1743 1175 1792; x_wconf 86' lang='lat' dir='ltr'>omnes</span> <span class='ocrx_word' id='word_1_48' title='bbox 1198 1718 1380 1795; x_wconf 76' lang='lat' dir='ltr'>bonrum</span> <span class='ocrx_word' id='word_1_49' title='bbox 1408 1745 1573 1818; x_wconf 83' lang='lat' dir='ltr'>quoque</span> <span class='ocrx_word' id='word_1_50' title='bbox 1598 1742 1796 1798; x_wconf 88' lang='lat' dir='ltr'>momenta</span> <span class='ocrx_word' id='word_1_51' title='bbox 1823 1751 1899 1800; x_wconf 88' lang='lat' dir='ltr'>neo</span> <span class='ocrx_word' id='word_1_52' title='bbox 1926 1725 2004 1804; x_wconf 86' lang='lat' dir='ltr'>diei</span> <span class='ocrx_word' id='word_1_53' title='bbox 2025 1751 2118 1804; x_wconf 85' lang='lat' dir='ltr'>mo·¹</span> 
     </span>
     <span class='ocr_line' id='line_1_8' title="bbox 423 1839 2182 1940; baseline 0.002 -17"><span class='ocrx_word' id='word_1_54' title='bbox 423 1847 495 1940; x_wconf 87' lang='lat' dir='ltr'>do,</span> <span class='ocrx_word' id='word_1_55' title='bbox 536 1843 603 1920; x_wconf 89' lang='lat' dir='ltr'>sed</span> <span class='ocrx_word' id='word_1_56' title='bbox 634 1861 675 1917; x_wconf 88' lang='lat' dir='ltr'>et</span> <span class='ocrx_word' id='word_1_57' title='bbox 707 1847 854 1929; x_wconf 85' lang='lat' dir='ltr'>noctis,</span> <span class='ocrx_word' id='word_1_58' title='bbox 890 1844 1025 1940; x_wconf 82' lang='lat' dir='ltr'>quibus</span> <span class='ocrx_word' id='word_1_59' title='bbox 1058 1839 1174 1914; x_wconf 84' lang='lat' dir='ltr'>datae</span> <span class='ocrx_word' id='word_1_60' title='bbox 1212 1839 1535 1940; x_wconf 77' lang='lat' dir='ltr'>significarentur,</span> <span class='ocrx_word' id='word_1_61' title='bbox 1577 1842 1766 1921; x_wconf 85' lang='lat' dir='ltr'>addidisse</span> <span class='ocrx_word' id='word_1_62' title='bbox 1788 1846 2017 1926; x_wconf 67' lang='lat' dir='ltr'>eunomus</span> <span class='ocrx_word' id='word_1_63' title='bbox 2048 1867 2119 1926; x_wconf 82' lang='lat' dir='ltr'>est·</span> <span class='ocrx_word' id='word_1_64' title='bbox 2171 1853 2182 1870; x_wconf 82' lang='grc'><strong>“</strong></span> 
     </span>
    </p>
   </div>
   <div class='ocr_carea' id='block_1_6' title="bbox 299 1961 2109 2068">
    <p class='ocr_par' dir='ltr' id='par_1_6' title="bbox 299 1961 2109 2068">
     <span class='ocr_line' id='line_1_9' title="bbox 299 1961 2109 2068; baseline -0.001 -20"><span class='ocrx_word' id='word_1_65' title='bbox 299 1971 309 1982; x_wconf 91' lang='grc'><strong>’</strong></span> <span class='ocrx_word' id='word_1_66' title='bbox 423 1982 559 2049; x_wconf 80' lang='lat' dir='ltr'>auctor</span> <span class='ocrx_word' id='word_1_67' title='bbox 585 1991 618 2068; x_wconf 78' lang='lat' dir='ltr'>c.</span> <span class='ocrx_word' id='word_1_68' title='bbox 646 1967 697 2040; x_wconf 83' lang='lat'>50</span> <span class='ocrx_word' id='word_1_69' title='bbox 725 1970 824 2038; x_wconf 86' lang='lat' dir='ltr'>vitae</span> <span class='ocrx_word' id='word_1_70' title='bbox 848 1961 1036 2051; x_wconf 86' lang='lat' dir='ltr'>eiusdem,</span> <span class='ocrx_word' id='word_1_71' title='bbox 1062 1961 1174 2036; x_wconf 80' lang='lat' dir='ltr'>baud</span> <span class='ocrx_word' id='word_1_72' title='bbox 1198 1977 1372 2039; x_wconf 68' lang='lat' dir='ltr'>secutum</span> <span class='ocrx_word' id='word_1_73' title='bbox 1398 1967 1728 2059; x_wconf 79' lang='lat' dir='ltr'>esse&#39;l&#39;raiatmm,</span> <span class='ocrx_word' id='word_1_74' title='bbox 1770 1975 1836 2068; x_wconf 89' lang='lat' dir='ltr'>qui</span> <span class='ocrx_word' id='word_1_75' title='bbox 1860 1977 1990 2068; x_wconf 74' lang='lat' dir='ltr'>nsque</span> <span class='ocrx_word' id='word_1_76' title='bbox 2008 1971 2109 2068; x_wconf 79' lang='lat' dir='ltr'>ipss,</span> 
     </span>
    </p>
   </div>
   <div class='ocr_carea' id='block_1_7' title="bbox 422 2084 2108 2196">
    <p class='ocr_par' dir='ltr' id='par_1_7' title="bbox 422 2084 2108 2196">
     <span class='ocr_line' id='line_1_10' title="bbox 422 2084 2108 2196; baseline -0.001 -28"><span class='ocrx_word' id='word_1_77' title='bbox 422 2119 501 2196; x_wconf 88' lang='lat' dir='ltr'>quo</span> <span class='ocrx_word' id='word_1_78' title='bbox 527 2109 705 2189; x_wconf 92' lang='lat' dir='ltr'>tempore</span> <span class='ocrx_word' id='word_1_79' title='bbox 727 2084 876 2160; x_wconf 82' lang='lat' dir='ltr'>dederit</span> <span class='ocrx_word' id='word_1_80' title='bbox 903 2085 1126 2185; x_wconf 85' lang='lat' dir='ltr'>epistolam,</span> <span class='ocrx_word' id='word_1_81' title='bbox 1165 2085 1450 2184; x_wconf 73' lang='lat' dir='ltr'>significaverit,</span> <span class='ocrx_word' id='word_1_82' title='bbox 1482 2111 1610 2186; x_wconf 88' lang='lat' dir='ltr'>neque</span> <span class='ocrx_word' id='word_1_83' title='bbox 1645 2087 1800 2187; x_wconf 84' lang='lat' dir='ltr'>qnando</span> <span class='ocrx_word' id='word_1_84' title='bbox 1836 2091 2108 2190; x_wconf 69' lang='lat' dir='ltr'>praefectiani</span> 
     </span>
    </p>
   </div>
   <div class='ocr_carea' id='block_1_8' title="bbox 299 2207 2179 2316">
    <p class='ocr_par' dir='ltr' id='par_1_8' title="bbox 299 2207 2179 2316">
     <span class='ocr_line' id='line_1_11' title="bbox 299 2207 2179 2316; baseline 0 -28"><span class='ocrx_word' id='word_1_85' title='bbox 299 2277 306 2288; x_wconf 95' lang='lat'>.</span> <span class='ocrx_word' id='word_1_86' title='bbox 422 2215 610 2316; x_wconf 89' lang='lat' dir='ltr'>epistolae</span> <span class='ocrx_word' id='word_1_87' title='bbox 637 2208 750 2284; x_wconf 85' lang='lat' dir='ltr'>datae</span> <span class='ocrx_word' id='word_1_88' title='bbox 778 2226 924 2296; x_wconf 87' lang='lat' dir='ltr'>essent,</span> <span class='ocrx_word' id='word_1_89' title='bbox 959 2207 1211 2306; x_wconf 84' lang='lat' dir='ltr'>significatum</span> <span class='ocrx_word' id='word_1_90' title='bbox 1236 2213 1404 2306; x_wconf 86' lang='lat' dir='ltr'>reperire</span> <span class='ocrx_word' id='word_1_91' title='bbox 1431 2215 1619 2306; x_wconf 89' lang='lat' dir='ltr'>potuerit,</span> <span class='ocrx_word' id='word_1_92' title='bbox 1660 2233 1747 2286; x_wconf 87' lang='lat' dir='ltr'>oum</span> <span class='ocrx_word' id='word_1_93' title='bbox 1771 2233 1928 2312; x_wconf 87' lang='lat' dir='ltr'>perraro</span> <span class='ocrx_word' id='word_1_94' title='bbox 1955 2229 2118 2290; x_wconf 77' lang='lat' dir='ltr'>tannim.</span> <span class='ocrx_word' id='word_1_95' title='bbox 2174 2230 2179 2238; x_wconf 90' lang='grc'>’</span> 
     </span>
    </p>
   </div>
   <div class='ocr_carea' id='block_1_9' title="bbox 419 2326 2116 2564">
    <p class='ocr_par' dir='ltr' id='par_1_9' title="bbox 419 2326 2116 2564">
     <span class='ocr_line' id='line_1_12' title="bbox 421 2326 2104 2431; baseline -0.004 -18"><span class='ocrx_word' id='word_1_96' title='bbox 421 2340 542 2414; x_wconf 84' lang='lat' dir='ltr'>insint</span> <span class='ocrx_word' id='word_1_97' title='bbox 566 2338 609 2408; x_wconf 91' lang='lat' dir='ltr'>in</span> <span class='ocrx_word' id='word_1_98' title='bbox 634 2334 735 2406; x_wconf 84' lang='lat' dir='ltr'>illins</span> <span class='ocrx_word' id='word_1_99' title='bbox 761 2331 932 2431; x_wconf 87' lang='lat' dir='ltr'>epistolis</span> <span class='ocrx_word' id='word_1_100' title='bbox 960 2332 1144 2428; x_wconf 83' lang='lat' dir='ltr'>temporis</span> <span class='ocrx_word' id='word_1_101' title='bbox 1167 2326 1329 2418; x_wconf 86' lang='lat' dir='ltr'>indicia,</span> <span class='ocrx_word' id='word_1_102' title='bbox 1363 2329 1509 2404; x_wconf 79' lang='lat' dir='ltr'>nullam</span> <span class='ocrx_word' id='word_1_103' title='bbox 1538 2329 1820 2430; x_wconf 75' lang='lat' dir='ltr'>propemodum</span> <span class='ocrx_word' id='word_1_104' title='bbox 1848 2353 2002 2426; x_wconf 81' lang='lat' dir='ltr'>notam,</span> <span class='ocrx_word' id='word_1_105' title='bbox 2034 2341 2104 2412; x_wconf 77' lang='lat' dir='ltr'>im·</span> 
     </span>
     <span class='ocr_line' id='line_1_13' title="bbox 419 2449 2116 2564; baseline -0.01 -19"><span class='ocrx_word' id='word_1_106' title='bbox 419 2452 609 2564; x_wconf 84' lang='lat' dir='ltr'>peratoris</span> <span class='ocrx_word' id='word_1_107' title='bbox 635 2456 735 2530; x_wconf 81' lang='lat' dir='ltr'>illius</span> <span class='ocrx_word' id='word_1_108' title='bbox 762 2477 915 2527; x_wconf 85' lang='lat' dir='ltr'>menum</span> <span class='ocrx_word' id='word_1_109' title='bbox 941 2449 1189 2552; x_wconf 88' lang='lat' dir='ltr'>prodentem,</span> <span class='ocrx_word' id='word_1_110' title='bbox 1214 2473 1311 2551; x_wconf 85' lang='lat' dir='ltr'>prae</span> <span class='ocrx_word' id='word_1_111' title='bbox 1335 2475 1378 2526; x_wconf 88' lang='lat' dir='ltr'>se</span> <span class='ocrx_word' id='word_1_112' title='bbox 1400 2451 1500 2528; x_wconf 74' lang='lat' dir='ltr'>{erre</span> <span class='ocrx_word' id='word_1_113' title='bbox 1521 2457 1611 2530; x_wconf 88' lang='lat' dir='ltr'>istst</span> <span class='ocrx_word' id='word_1_114' title='bbox 1637 2455 1820 2554; x_wconf 83' lang='lat' dir='ltr'>‘epistolas</span> <span class='ocrx_word' id='word_1_115' title='bbox 1847 2454 2052 2532; x_wconf 81' lang='lat' dir='ltr'>concedes.</span> <span class='ocrx_word' id='word_1_116' title='bbox 2112 2502 2116 2514; x_wconf 86' lang='lat'>·</span> 
     </span>
    </p>
   </div>
   <div class='ocr_carea' id='block_1_10' title="bbox 300 2662 2115 3774">
    <p class='ocr_par' dir='ltr' id='par_1_10' title="bbox 300 2662 2108 2927">
     <span class='ocr_line' id='line_1_14' title="bbox 438 2662 2108 2798; baseline 0.001 -23"><span class='ocrx_word' id='word_1_117' title='bbox 438 2732 452 2793; x_wconf 71' lang='lat' dir='ltr'><strong><em>J</em></strong></span> <span class='ocrx_word' id='word_1_118' title='bbox 579 2701 678 2775; x_wconf 82' lang='lat' dir='ltr'>Sunt</span> <span class='ocrx_word' id='word_1_119' title='bbox 705 2713 834 2772; x_wconf 88' lang='lat' dir='ltr'>autem</span> <span class='ocrx_word' id='word_1_120' title='bbox 861 2716 1082 2798; x_wconf 85' lang='lat' dir='ltr'>praeterea,</span> <span class='ocrx_word' id='word_1_121' title='bbox 1109 2697 1317 2798; x_wconf 79' lang='lat' dir='ltr'>exquibus</span> <span class='ocrx_word' id='word_1_122' title='bbox 1345 2699 1611 2798; x_wconf 83' lang='lat' dir='ltr'>opinationem</span> <span class='ocrx_word' id='word_1_123' title='bbox 1636 2695 1689 2796; x_wconf 73' lang='lat' dir='ltr'>de</span> <span class='ocrx_word' id='word_1_124' title='bbox 1710 2697 2016 2798; x_wconf 83' lang='lat' dir='ltr'>splendidissima</span> <span class='ocrx_word' id='word_1_125' title='bbox 2038 2662 2108 2776; x_wconf 68' lang='lat' dir='ltr'>ille</span> 
     </span>
     <span class='ocr_line' id='line_1_15' title="bbox 300 2799 2104 2927; baseline -0.003 -25"><span class='ocrx_word' id='word_1_126' title='bbox 300 2802 304 2812; x_wconf 39' lang='lat'><strong><em>¹</em></strong></span> <span class='ocrx_word' id='word_1_127' title='bbox 419 2825 667 2927; x_wconf 87' lang='lat' dir='ltr'>epistolarum</span> <span class='ocrx_word' id='word_1_128' title='bbox 711 2823 868 2919; x_wconf 64' lang='lat' dir='ltr'>originev</span> <span class='ocrx_word' id='word_1_129' title='bbox 898 2819 1114 2896; x_wconf 87' lang='lat' dir='ltr'>addubitari</span> <span class='ocrx_word' id='word_1_130' title='bbox 1151 2839 1259 2896; x_wconf 84' lang='lat' dir='ltr'>recte</span> <span class='ocrx_word' id='word_1_131' title='bbox 1300 2799 1430 2918; x_wconf 77' lang='lat' dir='ltr'>cblligi</span> <span class='ocrx_word' id='word_1_132' title='bbox 1464 2821 1593 2894; x_wconf 84' lang='lat' dir='ltr'>liceat.</span> <span class='ocrx_word' id='word_1_133' title='bbox 1654 2823 1808 2898; x_wconf 85' lang='lat' dir='ltr'>Etenim</span> <span class='ocrx_word' id='word_1_134' title='bbox 1842 2847 1924 2896; x_wconf 94' lang='lat' dir='ltr'>non</span> <span class='ocrx_word' id='word_1_135' title='bbox 1953 2821 2104 2911; x_wconf 83' lang='lat' dir='ltr'>desunt,</span> 
     </span>
    </p>

    <p class='ocr_par' dir='ltr' id='par_1_11' title="bbox 381 2940 2115 3774">
     <span class='ocr_line' id='line_1_16' title="bbox 381 2940 2101 3049; baseline -0.002 -28"><span class='ocrx_word' id='word_1_136' title='bbox 381 2997 386 3004; x_wconf 87' lang='lat'>-</span> <span class='ocrx_word' id='word_1_137' title='bbox 419 2971 520 3047; x_wconf 85' lang='lat' dir='ltr'>qnae</span> <span class='ocrx_word' id='word_1_138' title='bbox 546 2945 758 3049; x_wconf 82' lang='lat' dir='ltr'>accuratius</span> <span class='ocrx_word' id='word_1_139' title='bbox 785 2945 958 3038; x_wconf 89' lang='lat' dir='ltr'>inspecta</span> <span class='ocrx_word' id='word_1_140' title='bbox 985 2943 1032 3014; x_wconf 88' lang='lat' dir='ltr'>ab</span> <span class='ocrx_word' id='word_1_141' title='bbox 1059 2967 1139 3012; x_wconf 91' lang='lat' dir='ltr'>uno</span> <span class='ocrx_word' id='word_1_142' title='bbox 1167 2940 1383 3034; x_wconf 84' lang='lat' dir='ltr'>eodemque</span> <span class='ocrx_word' id='word_1_143' title='bbox 1409 2941 1671 3026; x_wconf 64' lang='lat' dir='ltr'>hostiumn</span> <span class='ocrx_word' id='word_1_144' title='bbox 1695 2967 1717 3013; x_wconf 79' lang='lat' dir='ltr'>s</span> <span class='ocrx_word' id='word_1_145' title='bbox 1739 2949 1925 3038; x_wconf 84' lang='lat' dir='ltr'>scriptore</span> <span class='ocrx_word' id='word_1_146' title='bbox 1949 2960 2101 3018; x_wconf 87' lang='lat' dir='ltr'>attento</span> 
     </span>
     <span class='ocr_line' id='line_1_17' title="bbox 418 3054 2115 3168; baseline -0.003 -28"><span class='ocrx_word' id='word_1_147' title='bbox 418 3065 582 3168; x_wconf 83' lang='lat' dir='ltr'>proferri</span> <span class='ocrx_word' id='word_1_148' title='bbox 608 3061 780 3160; x_wconf 88' lang='lat' dir='ltr'>potuisse</span> <span class='ocrx_word' id='word_1_149' title='bbox 807 3063 846 3128; x_wconf 92' lang='lat' dir='ltr'>in</span> <span class='ocrx_word' id='word_1_150' title='bbox 872 3055 1042 3128; x_wconf 83' lang='lat' dir='ltr'>medium</span> <span class='ocrx_word' id='word_1_151' title='bbox 1068 3054 1186 3128; x_wconf 83' lang='lat' dir='ltr'>facile·</span> <span class='ocrx_word' id='word_1_152' title='bbox 1202 3055 1412 3150; x_wconf 75' lang='lat' dir='ltr'>negaveris.</span> <span class='ocrx_word' id='word_1_153' title='bbox 1439 3058 1559 3152; x_wconf 82' lang='lat' dir='ltr'>Leges</span> <span class='ocrx_word' id='word_1_154' title='bbox 1583 3057 2115 3153; x_wconf 77' lang='lat' dir='ltr'>epistola10(‘.’0)=„omni·,</span> 
     </span>
     <span class='ocr_line' id='line_1_18' title="bbox 416 3174 2102 3274; baseline -0.004 -9"><span class='ocrx_word' id='word_1_155' title='bbox 416 3193 488 3264; x_wconf 89' lang='lat' dir='ltr'>bus</span> <span class='ocrx_word' id='word_1_156' title='bbox 514 3179 828 3260; x_wconf 82' lang='lat' dir='ltr'>advocationibus</span> <span class='ocrx_word' id='word_1_157' title='bbox 842 3181 1075 3263; x_wconf 83' lang='lat' dir='ltr'>renuntiavi,</span> <span class='ocrx_word' id='word_1_158' title='bbox 1102 3178 1145 3250; x_wconf 79' lang='lat' dir='ltr'>itt</span> <span class='ocrx_word' id='word_1_159' title='bbox 1172 3191 1258 3248; x_wconf 89' lang='lat' dir='ltr'>toto</span> <span class='ocrx_word' id='word_1_160' title='bbox 1287 3177 1417 3248; x_wconf 83' lang='lat' dir='ltr'>animo</span> <span class='ocrx_word' id='word_1_161' title='bbox 1433 3174 1623 3274; x_wconf 52' lang='lat' dir='ltr'>..delegato</span> <span class='ocrx_word' id='word_1_162' title='bbox 1647 3177 1738 3252; x_wconf 89' lang='lat' dir='ltr'>mihi</span> <span class='ocrx_word' id='word_1_163' title='bbox 1765 3177 1894 3254; x_wconf 84' lang='lat' dir='ltr'>officio</span> <span class='ocrx_word' id='word_1_164' title='bbox 1916 3205 2102 3260; x_wconf 82' lang='lat' dir='ltr'>vacarem.</span> 
     </span>
     <span class='ocr_line' id='line_1_19' title="bbox 417 3296 2115 3410; baseline -0.004 -25"><span class='ocrx_word' id='word_1_165' title='bbox 417 3313 508 3410; x_wconf 90' lang='lat' dir='ltr'>Qua</span> <span class='ocrx_word' id='word_1_166' title='bbox 542 3331 591 3381; x_wconf 82' lang='lat' dir='ltr'>ex</span> <span class='ocrx_word' id='word_1_167' title='bbox 625 3323 758 3378; x_wconf 85' lang='lat' dir='ltr'>caussa</span> <span class='ocrx_word' id='word_1_168' title='bbox 791 3321 880 3372; x_wconf 91' lang='lat' dir='ltr'>cum</span> <span class='ocrx_word' id='word_1_169' title='bbox 915 3314 1133 3396; x_wconf 81' lang='lat' dir='ltr'>patronum</span> <span class='ocrx_word' id='word_1_170' title='bbox 1154 3319 1218 3370; x_wconf 90' lang='lat' dir='ltr'>me</span> <span class='ocrx_word' id='word_1_171' title='bbox 1251 3296 1505 3396; x_wconf 79' lang='lat' dir='ltr'>provinciales</span> <span class='ocrx_word' id='word_1_172' title='bbox 1540 3315 1742 3395; x_wconf 81' lang='lat' dir='ltr'>optassent</span> <span class='ocrx_word' id='word_1_173' title='bbox 1770 3321 1906 3376; x_wconf 86' lang='lat' dir='ltr'>contre</span> <span class='ocrx_word' id='word_1_174' title='bbox 1933 3307 2115 3378; x_wconf 85' lang='lat' dir='ltr'>Marium</span> 
     </span>
     <span class='ocr_line' id='line_1_20' title="bbox 413 3419 2098 3522; baseline -0.005 -12"><span class='ocrx_word' id='word_1_175' title='bbox 413 3437 605 3516; x_wconf 86' lang='lat' dir='ltr'>Priscum,</span> <span class='ocrx_word' id='word_1_176' title='bbox 641 3441 681 3498; x_wconf 89' lang='lat' dir='ltr'>et</span> <span class='ocrx_word' id='word_1_177' title='bbox 706 3423 801 3522; x_wconf 89' lang='lat' dir='ltr'>petii</span> <span class='ocrx_word' id='word_1_178' title='bbox 826 3425 977 3494; x_wconf 86' lang='lat' dir='ltr'>veniam</span> <span class='ocrx_word' id='word_1_179' title='bbox 1003 3419 1113 3492; x_wconf 85' lang='lat' dir='ltr'>hnios</span> <span class='ocrx_word' id='word_1_180' title='bbox 1140 3423 1307 3492; x_wconf 87' lang='lat' dir='ltr'>muneris</span> <span class='ocrx_word' id='word_1_181' title='bbox 1333 3435 1374 3492; x_wconf 88' lang='lat' dir='ltr'>et</span> <span class='ocrx_word' id='word_1_182' title='bbox 1396 3422 1638 3516; x_wconf 82' lang='lat' dir='ltr'>impetravi.“</span> <span class='ocrx_word' id='word_1_183' title='bbox 1691 3421 1788 3495; x_wconf 85' lang='lat' dir='ltr'>Tale</span> <span class='ocrx_word' id='word_1_184' title='bbox 1814 3421 1909 3522; x_wconf 81' lang='lat' dir='ltr'>quid·</span> <span class='ocrx_word' id='word_1_185' title='bbox 1933 3427 1994 3502; x_wconf 87' lang='lat' dir='ltr'>vix</span> <span class='ocrx_word' id='word_1_186' title='bbox 2018 3451 2098 3502; x_wconf 89' lang='lat' dir='ltr'>cre·</span> 
     </span>
     <span class='ocr_line' id='line_1_21' title="bbox 415 3529 2099 3642; baseline -0.004 -12"><span class='ocrx_word' id='word_1_187' title='bbox 415 3553 578 3632; x_wconf 79' lang='lat' dir='ltr'>diderint</span> <span class='ocrx_word' id='word_1_188' title='bbox 603 3529 767 3622; x_wconf 80' lang='lat' dir='ltr'>Plinium</span> <span class='ocrx_word' id='word_1_189' title='bbox 793 3549 983 3616; x_wconf 88' lang='lat' dir='ltr'>iuniorem</span> <span class='ocrx_word' id='word_1_190' title='bbox 1011 3539 1060 3614; x_wconf 84' lang='lat' dir='ltr'>‹le</span> <span class='ocrx_word' id='word_1_191' title='bbox 1086 3565 1127 3614; x_wconf 89' lang='lat' dir='ltr'>se</span> <span class='ocrx_word' id='word_1_192' title='bbox 1148 3543 1311 3615; x_wconf 86' lang='lat' dir='ltr'>scribere</span> <span class='ocrx_word' id='word_1_193' title='bbox 1333 3543 1524 3639; x_wconf 89' lang='lat' dir='ltr'>potuisse,</span> <span class='ocrx_word' id='word_1_194' title='bbox 1558 3547 1702 3640; x_wconf 84' lang='lat' dir='ltr'>quippe</span> <span class='ocrx_word' id='word_1_195' title='bbox 1728 3545 1956 3642; x_wconf 78' lang='lat' dir='ltr'>quieedem</span> <span class='ocrx_word' id='word_1_196' title='bbox 1983 3547 2033 3624; x_wconf 88' lang='lat' dir='ltr'>de</span> <span class='ocrx_word' id='word_1_197' title='bbox 2056 3572 2099 3623; x_wconf 90' lang='lat' dir='ltr'>re</span> 
     </span>
     <span class='ocr_line' id='line_1_22' title="bbox 413 3663 2100 3774; baseline -0.004 -21"><span class='ocrx_word' id='word_1_198' title='bbox 413 3678 499 3754; x_wconf 87' lang='lat' dir='ltr'>libr.</span> <span class='ocrx_word' id='word_1_199' title='bbox 525 3677 569 3746; x_wconf 93' lang='lat' dir='ltr'>ll.</span> <span class='ocrx_word' id='word_1_200' title='bbox 598 3695 661 3768; x_wconf 85' lang='lat' dir='ltr'>ep.</span> <span class='ocrx_word' id='word_1_201' title='bbox 693 3675 736 3740; x_wconf 83' lang='lat' dir='ltr'>li</span> <span class='ocrx_word' id='word_1_202' title='bbox 763 3665 861 3739; x_wconf 89' lang='lat' dir='ltr'>haec</span> <span class='ocrx_word' id='word_1_203' title='bbox 883 3665 1044 3738; x_wconf 81' lang='lat' dir='ltr'>Arriano</span> <span class='ocrx_word' id='word_1_204' title='bbox 1079 3686 1149 3736; x_wconf 70' lang='lat' dir='ltr'>suo</span> <span class='ocrx_word' id='word_1_205' title='bbox 1176 3667 1428 3736; x_wconf 83' lang='lat' dir='ltr'>nuntiaverit:</span> <span class='ocrx_word' id='word_1_206' title='bbox 1456 3663 1629 3750; x_wconf 80' lang='lat' dir='ltr'>„biarius</span> <span class='ocrx_word' id='word_1_207' title='bbox 1656 3665 1802 3738; x_wconf 85' lang='lat' dir='ltr'>Priscus</span> <span class='ocrx_word' id='word_1_208' title='bbox 1830 3669 2100 3774; x_wconf 74' lang='lat' dir='ltr'>accusantibus</span> 
     </span>
    </p>
   </div>
   <div class='ocr_carea' id='block_1_11' title="bbox 181 3767 2095 3894">
    <p class='ocr_par' dir='ltr' id='par_1_12' title="bbox 181 3767 2095 3894">
     <span class='ocr_line' id='line_1_23' title="bbox 181 3767 2095 3894; baseline 0.006 -39"><span class='ocrx_word' id='word_1_209' title='bbox 181 3767 186 3776; x_wconf 46' lang='lat'>¹</span> <span class='ocrx_word' id='word_1_210' title='bbox 266 3805 270 3822; x_wconf 89' lang='grc'><strong><em>·</em></strong></span> <span class='ocrx_word' id='word_1_211' title='bbox 412 3799 529 3888; x_wconf 72' lang='lat' dir='ltr'>Afris,</span> <span class='ocrx_word' id='word_1_212' title='bbox 556 3792 693 3894; x_wconf 89' lang='lat' dir='ltr'>quibos</span> <span class='ocrx_word' id='word_1_213' title='bbox 719 3810 790 3886; x_wconf 90' lang='lat' dir='ltr'>pro</span> <span class='ocrx_word' id='word_1_214' title='bbox 817 3785 987 3860; x_wconf 86' lang='lat' dir='ltr'>Consule</span> <span class='ocrx_word' id='word_1_215' title='bbox 1012 3784 1216 3885; x_wconf 83' lang='lat' dir='ltr'>praefecit,</span> <span class='ocrx_word' id='word_1_216' title='bbox 1250 3785 1390 3858; x_wconf 89' lang='lat' dir='ltr'>omissa</span> <span class='ocrx_word' id='word_1_217' title='bbox 1416 3781 1641 3860; x_wconf 84' lang='lat' dir='ltr'>defensione</span> <span class='ocrx_word' id='word_1_218' title='bbox 1666 3783 1810 3862; x_wconf 86' lang='lat' dir='ltr'>iudicet</span> <span class='ocrx_word' id='word_1_219' title='bbox 1837 3790 1961 3886; x_wconf 87' lang='lat' dir='ltr'>petiit.</span> <span class='ocrx_word' id='word_1_220' title='bbox 2013 3793 2095 3890; x_wconf 83' lang='lat' dir='ltr'>Ego</span> 
     </span>
    </p>
   </div>
   <div class='ocr_carea' id='block_1_12' title="bbox 360 3905 1616 4014">
    <p class='ocr_par' dir='ltr' id='par_1_13' title="bbox 360 3905 1616 4014">
     <span class='ocr_line' id='line_1_24' title="bbox 360 3905 1616 4014; baseline -0.015 -17"><span class='ocrx_word' id='word_1_221' title='bbox 360 4001 370 4014; x_wconf 70' lang='grc'><em>,</em></span> <span class='ocrx_word' id='word_1_222' title='bbox 413 3938 455 4008; x_wconf 80' lang='lat' dir='ltr'>et</span> <span class='ocrx_word' id='word_1_223' title='bbox 482 3915 682 3995; x_wconf 83' lang='lat' dir='ltr'>Cornelius</span> <span class='ocrx_word' id='word_1_224' title='bbox 710 3909 867 3984; x_wconf 84' lang='lat' dir='ltr'>Tacitus</span> <span class='ocrx_word' id='word_1_225' title='bbox 894 3905 1025 3984; x_wconf 81' lang='lat' dir='ltr'>edesse</span> <span class='ocrx_word' id='word_1_226' title='bbox 1052 3907 1348 4008; x_wconf 84' lang='lat' dir='ltr'>provincialibus</span> <span class='ocrx_word' id='word_1_227' title='bbox 1372 3905 1537 3981; x_wconf 82' lang='lat' dir='ltr'>iussi.“</span> <span class='ocrx_word' id='word_1_228' title='bbox 1612 3971 1616 3978; x_wconf 89' lang='lat'>.</span> 
     </span>
    </p>
   </div>
   <div class='ocr_carea' id='block_1_13' title="bbox 365 4152 2185 4872">
    <p class='ocr_par' dir='ltr' id='par_1_14' title="bbox 365 4152 2185 4872">
     <span class='ocr_line' id='line_1_25' title="bbox 569 4152 2114 4256; baseline 0.004 -24"><span class='ocrx_word' id='word_1_229' title='bbox 569 4155 776 4256; x_wconf 85' lang='lat' dir='ltr'>Equidem,</span> <span class='ocrx_word' id='word_1_230' title='bbox 804 4175 987 4255; x_wconf 85' lang='lat' dir='ltr'>quantam</span> <span class='ocrx_word' id='word_1_231' title='bbox 1013 4179 1060 4232; x_wconf 87' lang='lat' dir='ltr'>ex</span> <span class='ocrx_word' id='word_1_232' title='bbox 1086 4153 1265 4229; x_wconf 79' lang='lat' dir='ltr'>Afrorum</span> <span class='ocrx_word' id='word_1_233' title='bbox 1292 4171 1428 4253; x_wconf 83' lang='lat' dir='ltr'>optato</span> <span class='ocrx_word' id='word_1_234' title='bbox 1456 4152 1610 4232; x_wconf 89' lang='lat' dir='ltr'>laudem</span> <span class='ocrx_word' id='word_1_235' title='bbox 1632 4155 1783 4256; x_wconf 81' lang='lat' dir='ltr'>cepisse</span> <span class='ocrx_word' id='word_1_236' title='bbox 1812 4159 1882 4234; x_wconf 91' lang='lat' dir='ltr'>sibi</span> <span class='ocrx_word' id='word_1_237' title='bbox 1913 4166 1962 4242; x_wconf 82' lang='lat' dir='ltr'>sit</span> <span class='ocrx_word' id='word_1_238' title='bbox 1984 4167 2114 4250; x_wconf 65' lang='lat' dir='ltr'>visus,</span> 
     </span>
     <span class='ocr_line' id='line_1_26' title="bbox 410 4277 2097 4376; baseline -0.001 -16"><span class='ocrx_word' id='word_1_239' title='bbox 410 4286 608 4373; x_wconf 83' lang='lat' dir='ltr'>reticuisse</span> <span class='ocrx_word' id='word_1_240' title='bbox 642 4303 773 4354; x_wconf 81' lang='lat' dir='ltr'>coram</span> <span class='ocrx_word' id='word_1_241' title='bbox 805 4279 966 4352; x_wconf 81' lang='lat' dir='ltr'>Arriano</span> <span class='ocrx_word' id='word_1_242' title='bbox 991 4277 1176 4366; x_wconf 87' lang='lat' dir='ltr'>Plinium,</span> <span class='ocrx_word' id='word_1_243' title='bbox 1218 4299 1318 4376; x_wconf 87' lang='lat' dir='ltr'>quae</span> <span class='ocrx_word' id='word_1_244' title='bbox 1353 4283 1432 4352; x_wconf 82' lang='lat' dir='ltr'>eius</span> <span class='ocrx_word' id='word_1_245' title='bbox 1467 4283 1608 4375; x_wconf 80' lang='lat' dir='ltr'>ingenii</span> <span class='ocrx_word' id='word_1_246' title='bbox 1642 4297 1725 4352; x_wconf 87' lang='lat' dir='ltr'>eret</span> <span class='ocrx_word' id='word_1_247' title='bbox 1758 4277 1929 4368; x_wconf 87' lang='lat' dir='ltr'>indoles,</span> <span class='ocrx_word' id='word_1_248' title='bbox 1967 4281 2097 4359; x_wconf 84' lang='lat' dir='ltr'>faeere</span> 
     </span>
     <span class='ocr_line' id='line_1_27' title="bbox 410 4397 2094 4504; baseline 0 -24"><span class='ocrx_word' id='word_1_249' title='bbox 410 4429 492 4484; x_wconf 88' lang='lat' dir='ltr'>non</span> <span class='ocrx_word' id='word_1_250' title='bbox 519 4425 674 4504; x_wconf 87' lang='lat' dir='ltr'>possum</span> <span class='ocrx_word' id='word_1_251' title='bbox 701 4403 801 4500; x_wconf 66' lang='lat' dir='ltr'>quin*</span> <span class='ocrx_word' id='word_1_252' title='bbox 821 4399 987 4476; x_wconf 86' lang='lat' dir='ltr'>credam.</span> <span class='ocrx_word' id='word_1_253' title='bbox 1039 4405 1194 4496; x_wconf 86' lang='lat' dir='ltr'>ltaque,</span> <span class='ocrx_word' id='word_1_254' title='bbox 1223 4422 1312 4472; x_wconf 89' lang='lat' dir='ltr'>cum</span> <span class='ocrx_word' id='word_1_255' title='bbox 1339 4397 1490 4474; x_wconf 81' lang='lat' dir='ltr'>dealie</span> <span class='ocrx_word' id='word_1_256' title='bbox 1512 4401 1626 4472; x_wconf 89' lang='lat' dir='ltr'>Marii</span> <span class='ocrx_word' id='word_1_257' title='bbox 1653 4403 1923 4476; x_wconf 83' lang='lat' dir='ltr'>Priscioeutsa</span> <span class='ocrx_word' id='word_1_258' title='bbox 1950 4411 2094 4504; x_wconf 85' lang='lat' dir='ltr'>episto·</span> 
     </span>
     <span class='ocr_line' id='line_1_28' title="bbox 408 4509 2111 4624; baseline -0.002 -20"><span class='ocrx_word' id='word_1_259' title='bbox 408 4529 521 4604; x_wconf 76' lang='lat' dir='ltr'>ls=1o</span> <span class='ocrx_word' id='word_1_260' title='bbox 542 4523 634 4620; x_wconf 78' lang='lat' dir='ltr'>(tu)</span> <span class='ocrx_word' id='word_1_261' title='bbox 660 4521 790 4600; x_wconf 83' lang='lat' dir='ltr'>disseri</span> <span class='ocrx_word' id='word_1_262' title='bbox 816 4547 950 4624; x_wconf 86' lang='lat' dir='ltr'>parum</span> <span class='ocrx_word' id='word_1_263' title='bbox 978 4525 1027 4594; x_wconf 86' lang='lat' dir='ltr'>sit</span> <span class='ocrx_word' id='word_1_264' title='bbox 1051 4517 1256 4608; x_wconf 83' lang='lat' dir='ltr'>credibile,</span> <span class='ocrx_word' id='word_1_265' title='bbox 1277 4527 1557 4622; x_wconf 79' lang='lat' dir='ltr'>repugnantias</span> <span class='ocrx_word' id='word_1_266' title='bbox 1580 4519 1735 4622; x_wconf 81' lang='lat' dir='ltr'>aliquid</span> <span class='ocrx_word' id='word_1_267' title='bbox 1749 4509 1952 4600; x_wconf 70' lang='lat' dir='ltr'>messem*</span> <span class='ocrx_word' id='word_1_268' title='bbox 1968 4527 2111 4604; x_wconf 81' lang='lat' dir='ltr'>verbis:</span> 
     </span>
     <span class='ocr_line' id='line_1_29' title="bbox 407 4641 2185 4748; baseline -0.001 -22"><span class='ocrx_word' id='word_1_269' title='bbox 407 4648 571 4728; x_wconf 82' lang='lat' dir='ltr'>laudatis</span> <span class='ocrx_word' id='word_1_270' title='bbox 599 4671 749 4723; x_wconf 88' lang='lat' dir='ltr'>censeo.</span> <span class='ocrx_word' id='word_1_271' title='bbox 802 4641 1166 4720; x_wconf 79' lang='lat' dir='ltr'>Vitiumdivemum</span> <span class='ocrx_word' id='word_1_272' title='bbox 1191 4641 1344 4748; x_wconf 80' lang='lat' dir='ltr'>ebboo</span> <span class='ocrx_word' id='word_1_273' title='bbox 1370 4641 1532 4741; x_wconf 85' lang='lat' dir='ltr'>epistola</span> <span class='ocrx_word' id='word_1_274' title='bbox 1557 4641 1606 4718; x_wconf 87' lang='lat' dir='ltr'>de</span> <span class='ocrx_word' id='word_1_275' title='bbox 1631 4643 2111 4746; x_wconf 53' lang='lat' dir='ltr'>Chrespontem-{eosdm</span> <span class='ocrx_word' id='word_1_276' title='bbox 2178 4711 2185 4724; x_wconf 92' lang='lat'>.</span> 
     </span>
     <span class='ocr_line' id='line_1_30' title="bbox 365 4763 2090 4872; baseline -0.003 -21"><span class='ocrx_word' id='word_1_277' title='bbox 365 4803 377 4828; x_wconf 64' lang='grc' dir='ltr'>ι</span> <span class='ocrx_word' id='word_1_278' title='bbox 407 4779 516 4851; x_wconf 88' lang='lat' dir='ltr'>tione</span> <span class='ocrx_word' id='word_1_279' title='bbox 543 4778 685 4872; x_wconf 88' lang='lat' dir='ltr'>scripta</span> <span class='ocrx_word' id='word_1_280' title='bbox 711 4763 852 4868; x_wconf 87' lang='lat' dir='ltr'>prodit.</span> <span class='ocrx_word' id='word_1_281' title='bbox 886 4767 1032 4840; x_wconf 82' lang='lat' dir='ltr'>Auctor</span> <span class='ocrx_word' id='word_1_282' title='bbox 1057 4764 1124 4840; x_wconf 90' lang='lat' dir='ltr'>ubi</span> <span class='ocrx_word' id='word_1_283' title='bbox 1149 4771 1333 4856; x_wconf 83' lang='lat' dir='ltr'>narravit,</span> <span class='ocrx_word' id='word_1_284' title='bbox 1360 4787 1427 4840; x_wconf 85' lang='lat' dir='ltr'>eos</span> <span class='ocrx_word' id='word_1_285' title='bbox 1451 4789 1492 4844; x_wconf 87' lang='lat' dir='ltr'>se</span> <span class='ocrx_word' id='word_1_286' title='bbox 1519 4763 1769 4842; x_wconf 86' lang='lat' dir='ltr'>dimittendos</span> <span class='ocrx_word' id='word_1_287' title='bbox 1791 4770 2000 4868; x_wconf 85' lang='lat' dir='ltr'>putavisse,</span> <span class='ocrx_word' id='word_1_288' title='bbox 2023 4773 2090 4872; x_wconf 85' lang='lat' dir='ltr'>qui</span> 
     </span>
    </p>
   </div>
   <div class='ocr_carea' id='block_1_14' title="bbox 0 0 2342 5910">
    <p class='ocr_par' dir='ltr' id='par_1_15' title="bbox 0 0 2342 5910">
     <span class='ocr_line' id='line_1_31' title="bbox 0 0 2342 5910; baseline 0 8"><span class='ocrx_word' id='word_1_289' title='bbox 0 0 2342 5910; x_wconf 95' lang='lat' dir='ltr'> </span> 
     </span>
    </p>
   </div>
  </div>
 </body>
</html>
