4674 5910
752 733 1441 812 -h-s-ibvm

250 939 452 1018 medenses
477 946 519 1014 in
549 937 646 1014 dnos
673 935 935 1037 aquaeductus
962 887 1195 1038 impendisse
1220 898 1414 1028 nummos,
1445 945 1614 1040 priorem
1637 959 1770 1020 temen
1796 971 1931 1024 eorum

247 1064 515 1165 imperfectum
538 1069 614 1134 iam
637 1060 831 1156 relictum3
858 1061 1022 1134 alterum
1047 1060 1315 1160 imperfectum
1336 1063 1630 1162 relinquendum
1657 1091 1836 1166 novoque
1858 1077 1928 1146 im-

249 1185 393 1286 pendio
422 1209 505 1258 esse
532 1207 647 1282 opus,
670 1199 714 1254 ut
741 1205 877 1280 aquam
908 1181 1114 1270 haberent,
1148 1179 1214 1280 qui
1241 1205 1417 1281 magnam
1443 1187 1649 1283 pecuniam
1676 1189 1776 1262 male
1801 1191 1927 1290 perdi-

1 1370 2 1377 ,
138 1381 142 1388 ,
248 1305 404 1383 dissent.
433 1305 603 1393 Omitto,
632 1301 737 1402 quod
763 1309 898 1376 mirum
926 1301 1045 1377 videri
1071 1302 1221 1392 debeat,
1248 1305 1434 1406 Bithynos
1456 1309 1498 1379 in
1524 1307 1764 1418 aedificando
1787 1335 1927 1412 magno

248 1455 318 1505 suo
346 1427 488 1502 damno
519 1443 598 1500 tam
626 1426 781 1516 stultos',
813 1443 894 1508 tato
920 1431 1143 1500 temerarios
1169 1426 1300 1500 fuisses
1332 1425 1428 1503 illud
1462 1452 1554 1503 sane
1584 1428 1689 1530 quod
1725 1450 1766 1505 et
1793 1452 1929 1510 auctor

248 1557 423 1651 responsi
449 1545 736 1635 animadvertit,
761 1553 879 1645 magis
908 1546 1087 1638 offendit,
1114 1545 1239 1647 quod,
1272 1573 1437 1648 quorum
1458 1551 1553 1624 vitio
1579 1558 1783 1651 pecuniam
1809 1557 1928 1632 Nico·

247 1671 448 1750 medenses
474 1667 729 1771 perdiderint,
752 1693 803 1742 ne
826 1671 941 1742 verbo
968 1666 1124 1770 quidem
1151 1671 1321 1770 attigerit
1345 1661 1573 1772 praelectus.
1605 1675 1668 1748 De
1689 1675 1804 1775 culpa
1831 1679 1928 1754 eius·

247 1793 354 1871 modi
380 1792 548 1875 debebas
574 1782 714 1866 Caesar
739 1793 882 1866 certior
907 1791 1000 1868 fieri.

406 2037 477 2133 Ep.
505 2035 552 2108 51
587 2033 675 2129 (36)
702 2057 743 2109 se
772 2014 943 2109 Maximo
970 2037 1213 2135 procuratori
1239 2035 1408 2109 Caesaris
1430 2031 1589 2127 milites,
1623 2061 1721 2137 quos
1752 2039 1929 2119 habuerit

247 2155 444 2256 reliquisse
470 2154 644 2255 duosque
671 2155 859 2231 addidisse
890 2157 1036 2232 tutelae
1071 2182 1203 2232 caussa
1238 2163 1391 2231 nuntiat
1426 2158 1659 2256 praelectus,
1692 2161 1832 2237 iterum
1858 2164 1927 2239 du·

246 2279 350 2367 bius,
374 2301 468 2354 num
494 2293 601 2352 recte
627 2277 763 2354 lecerit
788 2301 925 2355 necne.
977 2281 1100 2355 Huius
1127 2303 1282 2382 quoque
1309 2279 1497 2381 epistolae
1520 2299 1787 2381 argumentum
1812 2292 1928 2364 inane

248 2396 421 2475 dixerim.
1028 2413 1033 2416 ’

404 2649 653 2722 Mirationem
679 2647 845 2746 aliquam
874 2647 1037 2746 epistola
1069 2647 1382 2748 quinquagesima
1413 2651 1528 2722 tertia
1554 2643 1644 2741 (56)
1670 2650 1804 2724 iniicit.
1856 2651 1928 2726 Le·
2043 2735 2047 2750 Ι

246 2777 368 2870 gimut
402 2769 601 2869 praefecto
629 2771 821 2868 Apameae
854 2793 940 2848 cunr
975 2768 1158 2842 voluisset
1190 2791 1426 2866 cognoscere
1459 2767 1634 2867 publicos
1669 2766 1861 2845 debitores
1887 2789 1930 2846 et

246 2890 413 2966 reditum
439 2910 479 2965 et
506 2889 718 2988 impendia,
746 2915 828 2965 esse
854 2915 1080 2990 responsum
1107 2913 1249 2990 cupere
1277 2887 1431 2988 quidem
1458 2894 1671 2978 universos,
1696 2907 1740 2962 ut
1771 2893 1926 2993 abipso

245 3021 416 3089 rationes
451 3012 630 3086 coloniae
657 3012 891 3110 legerentur,
932 3035 1128 3110 nunquam
1156 3029 1287 3084 tamen
1315 3035 1398 3085 esse
1424 3011 1544 3083 lectas
1572 3009 1620 3084 ab
1653 3011 1734 3084 ullo
1760 3015 1929 3090 Procon-

244 3135 388 3222 sulunte
413 3133 590 3202 babuisse
618 3155 700 3198 soso
725 3131 962 3224 privilegium
988 3147 1030 3193 es
1055 3131 1349 3193 vetustissimum
1375 3151 1522 3194 morem
1546 3130 1708 3198 arbitrio
1735 3153 1805 3201 suo
1829 3155 1928 3208 rem.

245 3253 439 3358 publicam
462 3243 760 3323 administrandi.
813 3249 895 3316 iam
922 3239 1136 3342 praelectus
1158 3242 1240 3339 ipse
1266 3245 1407 3339 pergit:
1447 3244 1613 3340 „Exegi,
1645 3262 1707 3336 ut,
1743 3272 1842 3346 quae
1869 3250 1928 3326 di.

245 3377 388 3450 cebant
415 3395 590 3468 quaeque
616 3364 849 3454 recitabant,
872 3363 1006 3438 libello
1035 3363 1402 3461 complecterentur:
1429 3387 1543 3460 quem
1568 3365 1657 3455 tibi,
1684 3370 1836 3464 qualem
1862 3394 1926 3446 ac-

245 3515 444 3597 ceperam,
471 3496 572 3564 misi:
599 3493 768 3587 quamvis
795 3487 1066 3584 intelligerem,
1091 3485 1277 3585 pleraque
1303 3509 1351 3558 ex
1376 3483 1444 3557 illo
1471 3483 1522 3559 ad
1545 3486 1602 3576 id,
1630 3485 1783 3587 dequo
1810 3517 1927 3592 quaa.

213 3673 219 3690 .
245 3625 361 3703 ritur,
393 3637 475 3686 non
500 3610 732 3710 pertinere.“
785 3605 1002 3682 Laudabilis
1028 3603 1182 3704 quidem
1211 3623 1371 3705 apparet
1401 3605 1588 3705 praefecti
1614 3608 1801 3686 modestia
1824 3615 1928 3714 Apa·

246 3743 458 3816 meursium
486 3738 702 3830 αὐτονομίαν
726 3747 880 3808 senatus
907 3727 1087 3806 consulto
1111 3727 1300 3802 firmatm
1322 3729 1475 3802 turbare
1498 3727 1685 3803 nolentis:
1711 3755 1841 3806 verum
1858 3760 1928 3812 cur
2044 3718 2049 3748 ⁵

245 3860 418 3938 libellum
445 3854 565 3942 idem,
590 3855 631 3926 in
660 3877 735 3950 quo
764 3851 811 3925 ab
839 3875 880 3924 re
907 3850 1033 3926 aliena
1061 3867 1171 3924 erant
1196 3853 1425 3949 perscripta,
1451 3873 1534 3924 non
1559 3852 1746 3925 remiserit
1770 3862 1926 3952 provin·

246 3981 424 4067 cialibus,
468 3975 535 4052 sed
568 3973 619 4048 ad
635 3975 855 4048 Caesarem
887 3969 1157 4071 perferendum
1184 3973 1390 4060 curaverit,
1432 3977 1494 4046 rix
1519 3971 1732 4070 intelligere
1757 3999 1925 4074 possum.

246 4100 477 4179 Consuleuti
508 4123 568 4196 ep.
595 4097 644 4172 78
668 4093 758 4188 (77)
791 4093 957 4194 praesidi
984 4091 1034 4168 de
1061 4087 1312 4192 agnoscendis
1347 4092 1476 4167 liberis
1508 4093 1831 4194 restituendisque
1856 4123 1925 4175 nas

245 4225 385 4300 talibus
411 4221 597 4294 Traianus
624 4219 812 4292 rescribit:
865 4215 935 4310 „Si
960 4215 1054 4290 mibi
1080 4215 1463 4290 senatusconsultum
1485 4215 1649 4306 irriseris,
1672 4216 1777 4318 quod
1802 4217 1925 4296 baesi-

168 4352 173 4360 “
244 4354 434 4423 tationem
457 4343 525 4416 tibi
547 4343 655 4429 fecit,
685 4342 912 4429 aestimabo,
938 4363 989 4414 au
1015 4335 1154 4412 debeas
1181 4361 1417 4438 cognoscere
1443 4335 1492 4412 de
1518 4337 1771 4436 agnoscendis
1796 4317 1944 4418 liberis

246 4487 288 4546 et
318 4467 508 4542 natalibus
541 4465 617 4536 suis
660 4459 914 4538 restituendis.
923 4461 945 4498 “
1004 4461 1252 4534 Mirationem
1286 4459 1380 4533 lacit
1411 4458 1579 4533 Traiano
1613 4485 1840 4558 responsum
1872 4486 1925 4539 ne

246 4589 452 4667 iudicantis
480 4583 652 4686 quidem,
679 4585 778 4660 illius
805 4581 1136 4659 Senatusconsulti
1157 4583 1312 4682 copiam
1335 4583 1485 4656 Romae
1511 4605 1594 4656 uon
1620 4582 1746 4659 luisse.
