4674 5910
943 866 1168 904 ,Μ
1277 843 1645 962 12'*·····*

389 1139 410 1166 γ
466 1051 600 1148 dubito
628 1051 885 1144 contendere,
916 1047 1020 1124 haud
1043 1047 1152 1126 credi
1174 1047 1313 1139 licere,
1339 1055 1440 1124 intra
1467 1047 1731 1150 duodeviginti
1766 1058 1955 1132 mensium
1979 1063 2148 1156 spatium

465 1185 636 1280 potuisse
663 1195 724 1250 tot
755 1178 857 1250 mitti
887 1173 1072 1284 ⁸epistolas
1115 1197 1138 1250 a
1173 1173 1376 1274 praelecto
1407 1171 1610 1270 Bithyniae
1638 1178 1804 1252 Romam
1847 1196 1889 1254 et
1928 1203 1951 1252 a
1985 1181 2147 1254 Caesare

467 1324 515 1384 eas
540 1301 634 1382 urbe
660 1304 701 1372 in
726 1300 975 1398 provinciam.
1602 1299 1606 1306 “
1992 1299 1995 1308 ’

620 1545 755 1639 Itaque
795 1537 845 1614 ad
878 1535 1122 1613 tractandum
1156 1538 1320 1613 alterum
1353 1539 1433 1612 iam
1459 1535 1687 1614 accedamus
1705 1538 1863 1631 locum,
1896 1567 1945 1648 err
1966 1567 2048 1641 quo
2074 1541 2146 1616 ho·

370 1663 374 1677 ’
465 1672 609 1742 minem
639 1687 775 1762 parum
811 1667 977 1762 peritum
1019 1661 1200 1760 epistolas
1234 1657 1374 1734 decimi
1406 1661 1491 1735 libri
1525 1662 1719 1761 scripsisse
1758 1657 1888 1764 colligi
1921 1688 2036 1764 posse
2069 1669 2153 1750 exi,

465 1789 627 1864 crimem.
1503 1781 1505 1784 ’

624 2027 860 2127 Argumenta
885 2027 1135 2126 epistolarum
1161 2032 1227 2126 qui
1261 2043 1440 2102 accurate
1471 2029 1718 2126 spectaverit,
1750 2033 1888 2104 iustam
1923 2053 2011 2102 eum
2045 2030 2147 2106 subi·
2201 2107 2205 2123 ,

463 2170 589 2228 turam
624 2174 706 2224 esse
733 2155 975 2235 mirationem
1001 2173 1153 2222 censeo.
1207 2146 1352 2223 Ad=res
1377 2149 1524 2224 scilicet
1556 2147 1862 2238 constituendas,
1899 2147 2145 2238 ordinandas,
2191 2237 2195 2244 ¹

465 2270 723 2350 emendandas
758 2274 913 2354 missurn
946 2271 1183 2370 praefectum
1216 2271 1258 2343 in
1294 2259 1530 2368 provinciam
1562 2289 1762 2348 auctorem
1783 2273 2045 2376 epistolarum
2077 2273 2148 2349 sibi

467 2401 691 2492 cogitavisse
723 2393 913 2490 intelliges
940 2417 969 2466 e.
990 2395 1110 2466 verbis
1135 2392 1316 2491 principis
1345 2415 1406 2489 ep.
1435 2393 1486 2466 dd
1514 2389 1614 2481 (ωε
1656 2395 1908 2483 „Memineris
1934 2391 2079 2468 idcirco
2106 2408 2149 2468 te

465 2523 507 2592 in
533 2521 645 2588 ittam
670 2520 906 2613 provinciam
933 2519 1103 2604 missam,
1137 2515 1323 2612 quoniam
1345 2514 1465 2588 multa
1496 2515 1540 2586 in
1567 2536 1613 2587 ea
1645 2513 1887 2589 emendanda
1919 2535 2148 2614 apparue-

466 2637 608 2725 rint,“
660 2638 1082 2733 Praetereapotestate
1110 2633 1159 2708 ad
1191 2637 1392 2710 Caesarem
1419 2633 1608 2710 referendi
1633 2637 1862 2716 instructum
1889 2633 2055 2709 eundem
2080 2657 2147 2708 co·

428 2839 432 2849 ¹
466 2762 587 2858 gitare
626 2757 791 2830 lectores
829 2755 938 2830 iubet
973 2763 1123 2830 initium
1158 2757 1469 2855 quadragesimae
1503 2764 1657 2832 tertiae:
1704 2757 1843 2845 „Salva
1886 2753 2149 2854 magnitudine

465 2883 568 2968 Tua,
594 2879 783 2967 Domine,
811 2876 1020 2978 descendas
1046 2890 1202 2976 oportet
1230 2877 1279 2952 ad
1305 2901 1409 2952 meas
1438 2901 1565 2966 curas,
1593 2901 1680 2952 cum
1707 2885 1765 2950 ius
1793 2878 1885 2950 mihi
1913 2875 2062 2950 dederis
2088 2886 2158 2950 re·‘

468 2997 616 3074 ferendi
644 2997 693 3068 ad
716 3001 792 3084 Te,
827 2997 876 3068 de
905 3001 1040 3094 quibus
1069 2999 1245 3066 dubito.“
1273 3003 1410 3090 Neque
1443 3023 1513 3090 per
1548 3022 1587 3068 se
1609 3021 1703 3069 *non
1733 3014 1792 3068 est
1825 2997 2055 3104 probabile,¹
2083 2998 2152 3093 qui

467 3125 603 3195 missus
633 3113 747 3186 fuerit
781 3115 940 3184 rectoris
967 3116 1068 3182 vices
1095 3113 1267 3182 obiturus
1301 3115 1342 3180 in
1372 3117 1607 3208 provinciam
1633 3116 1900 3202 remotiorem,
1940 3114 2042 3190 haud
2071 3119 2150 3190 exi-

466 3263 580 3342 guam
614 3259 702 3313 eum
735 3238 979 3329 negotiorum
1015 3232 1220 3326 gravissimi
1263 3236 1455 3338 momenti
1490 3229 1818 3326 procurandorum
1855 3233 1998 3308 molem
2031 3243 2073 3308 in
2107 3259 2151 3314 se

468 3364 691 3456 suscepisse.
744 3354 945 3450 Egregiam
970 3357 1084 3448 igitur
1111 3351 1220 3424 huius
1253 3344 1485 3424 conditionis
1518 3350 1754 3441 hominibus,
1798 3351 2007 3431 dummodo
2029 3375 2146 3457 'recto

469 3479 631 3558 consilio
660 3471 965 3550 administrandis
990 3472 1106 3544 rebus
1133 3473 1294 3571 publicis
1322 3471 1466 3544 vellant
1487 3496 1626 3556 navare
1654 3473 1830 3572 operam,
1867 3479 2149 3576 comparandae

469 3622 639 3678 summae
681 3595 801 3670 laudis
820 3661 823 3672 .
845 3599 1089 3670 occasionem
1131 3595 1310 3690 obtigisse
1346 3617 1426 3666 non
1462 3597 1625 3690 negabis.
1687 3595 1908 3702 Videamus,
1949 3597 2147 3698 quomodo

366 3791 369 3802 i
468 3723 670 3820 Bithyniae
697 3739 868 3817 praeses,
897 3717 1051 3816 qualem
1077 3731 1213 3790 auctor
1239 3716 1326 3794 libri
1353 3737 1440 3790 eum
1468 3705 1655 3804 exhibuit,
1681 3739 1762 3794 rem
1789 3725 1956 3816 gesserit.
2057 3763 2064 3774 -

626 3963 683 4061 Ac
708 3967 873 4061 primum
900 3957 1054 4056 quidum
1077 3958 1277 4058 apparebit
1305 3975 1468 4056 excepta
1495 3961 1693 4042 notissima
1717 3959 1783 4034 illa
1799 3961 1962 4058 epistola
1977 3959 2027 4038 de
2044 3963 2154 4042 elixa..

470 4089 681 4168 arianorum
707 4081 931 4156 conditione
957 4085 1098 4178 scripta
1124 4081 1270 4154 nullam
1295 4078 1374 4154 fere
1396 4081 1509 4152 aliam
1530 4080 1615 4178 legi,
1640 4082 1683 4154 in
1705 4105 1780 4178 qua
1802 4081 1858 4154 ad
1882 4083 2143 4166 deliberan-

471 4209 577 4286 dum
605 4207 755 4280 Caesari
782 4221 1093 4304 proponerentur
1126 4225 1205 4290 res,
1250 4225 1349 4299 quae
1383 4199 1529 4298 dignae
1563 4201 1694 4276 haberi
1730 4209 1960 4300 potuissent,
2003 4225 2047 4280 ut
2079 4231 2149 4306 per
2241 4277 2244 4284 ,

436 4416 439 4428 Α
470 4336 636 4432 spatium
665 4325 919 4398 ducentorum
941 4325 1202 4396 milliariorum
1228 4323 1484 4422 perferrentur
1511 4321 1559 4395 ad
1585 4329 1808 4422 principem.
1861 4326 2150 4430 Traianusipaa

471 4455 602 4530 scribit
624 4473 684 4546 ep.
701 4447 751 4520 it
774 4443 877 4540 (dih
905 4452 1117 4544 „quoniam
1141 4444 1261 4518 multa
1282 4451 1323 4516 in
1343 4445 1539 4543 provincia
1566 4442 1804 4519 emendanda
1833 4454 2149 4544 apparuerint

350 4653 355 4660 ,
470 4575 566 4670 (scil.
595 4567 782 4658 Caesari),
823 4573 994 4680 missum*
1014 4591 1096 4642 esse
1121 4564 1369 4664 praefectum.
1422 4568 1556 4662 Itaque
1587 4589 1635 4642 ex
1660 4565 1717 4642 his
1744 4565 1867 4642 verbis
1892 4575 2027 4643 merito
2055 4595 2147 4670 con·

467 4695 687 4782 cludemus,
723 4691 831 4794 illum
857 4691 906 4763 ab
937 4697 1022 4789 ipso
1051 4689 1211 4762 Caesare
1239 4684 1288 4762 de
1315 4683 1620 4773 administrandis
1649 4689 1760 4762 rebus
1790 4694 2013 4786 gravissimis
2039 4717 2150 4772 mce-

471 4821 573 4920 pisse
596 4811 777 4920 mandata
804 4809 990 4908 simulque
1010 4833 1060 4884 ne
1087 4809 1244 4886 minoris
1264 4809 1385 4908 pretii-
1405 4832 1532 4895 rerum
1554 4811 1702 4886 curatio
1730 4791 1979 4909 epistolarum
2004 4821 2149 4894 missio.
