4674 5910
762 737 1445 814 ...‚-....·ga.......·-

242 959 352 1047 ‚meis
381 955 473 1050 irtio
497 959 646 1030 Μαλέαν
671 955 903 1046 navigasse..
933 947 1117 1046 Quamvis
1152 951 1355 1029 contrariis
1388 955 1511 1026 sentis
1546 969 1717 1026 retentus
1746 977 1850 1028 nunc
1875 954 1943 1032 de·

242 1080 357 1170 ,trino
386 1080 528 1172 partim
552 1073 685 1150 orariis
712 1073 887 1162 navibus,
921 1072 1061 1168 partim
1088 1071 1270 1157 vehiculis
1297 1073 1533 1171 provinciam
1559 1091 1704 1172 petere.
1757 1079 1857 1152 Nam
1892 1086 1940 1154 si·

253 1212 320 1270 cut
351 1196 486 1276 itineri
517 1217 648 1294 graves
684 1211 830 1280 aestua,
873 1198 939 1266 ita.
962 1194 1173 1268 continuae
1204 1195 1441 1291 navigationi
1479 1201 1629 1270 etesiae-
1662 1195 1942 1277 reluctantur.“

127 1291 133 1314 ⁸
252 1317 426 1407 Omitto,
453 1315 560 1415 quod
585 1339 722 1414 parum
746 1320 995 1408 concinnum,
1021 1338 1157 1414 parum
1184 1316 1339 1412 elegans
1366 1313 1519 1392 dicendi
1542 1340 1662 1414 genus
1683 1339 1843 1417 apparet
1867 1328 1940 1418 (at·
2012 1331 2021 1354 '

251 1437 371 1522 tende
396 1437 447 1514 ed
480 1437 708 1538 particulam
741 1461 868 1512 nunc
902 1437 1003 1511 mala
1039 1455 1260 1538 usurpatam
1287 1454 1327 1512 et
1354 1462 1488 1536 parum
1517 1436 1651 1514 dextre
1676 1442 1940 1534 collocatam),

250 1564 411 1654 omitto,
438 1560 563 1660 quod,
591 1567 656 1658 qui
683 1541 878 1660 profectus
905 1582 954 1632 ex
979 1559 1089 1634 Italia
1114 1541 1321 1658 gravissimi
1348 1562 1516 1632 muneris
1541 1579 1785 1660 suscepturus
1811 1587 1939 1666 partes

248 1689 397 1778 repisse
423 1708 464 1756 se
490 1683 684 1782 Ephesum
710 1685 932 1783 imperatori
961 1683 1171 1780 scripserit,
1198 1699 1285 1756 eum
1313 1683 1515 1769 iustissima
1542 1705 1629 1780 spes
1655 1704 1716 1758 est
1739 1691 1938 1777 nonnulle,

244 1827 350 1904 quae
376 1823 448 1884 aut
471 1814 547 1882 sint
577 1805 704 1901 magni
722 1811 921 1894 momenti
950 1822 1031 1876 aut·
1049 1802 1247 1892 delectent
1273 1807 1462 1888 animum,
1489 1803 1642 1878 Caesari
1671 1824 1828 1890 strenuo
1855 1835 1938 1888 esse

207 2011 212 2020 ,
242 1928 532 2024 ,seruaturum
558 1925 655 2002 illud
682 1926 775 1998 mibi
803 1933 1005 2004 maximam
1032 1928 1166 2002 iniecit
1189 1927 1451 2013 mirationem,
1488 1923 1591 1998 credi
1620 1935 1808 2022 potuisse,
1842 1937 1935 2010 Tra·

243 2053 377 2129 istrum
401 2047 492 2122 huic
520 2049 701 2148 epistolio
728 2046 982 2144 respontffise
1022 2047 1209 2145 Equidem
1238 2053 1479 2145 quantumvis
1506 2050 1718 2126 arctissimo
1746 2059 1938 2134 amicitiae

244 2171 399 2244 rusculo
423 2171 660 2266 praefectum
689 2188 729 2244 et
754 2176 1028 2267 imperatorem
1055 2177 1223 2268 cogitem
1247 2175 1478 2242 coniunctos
1485 2216 1498 2254 ,
1529 2187 1661 2244 tamen
1687 2195 1768 2247 non
1797 2179 1933 2272 solum,

244 2289 360 2390 quod.
378 2289 657 2378 documentum
684 2293 1038 2390 amorisperquam
1060 2290 1390 2391 contemnendum
1415 2297 1487 2366 iste
1512 2289 1688 2382 ediderit,
1713 2297 1781 2370 aed
1808 2303 1932 2378 multo

243 2416 524 2512 etiammagis,
544 2411 916 2521 'quod-incredibile
943 2413 1025 2506 fere
1051 2437 1146 2490 essa.
1169 2421 1292 2513 possit
1329 2412 1467 2504 sideri,
1506 2419 1779 2514 imperatorem
1805 2427 1932 2502 amieo

240 2534 469 2636 profecturo
494 2542 535 2609 in
558 2535 777 2629 Bithyniam
805 2538 971 2642 maxima
1003 2538 1088 2622 iam·
1116 2538 1262 2611 itineris
1288 2554 1399 2636 parte
1425 2555 1623 2636 superata,
1658 2549 1933 2642 rescripturum

237 2643 362 2738 fuisse
378 2681 462 2732 non
489 2659 620 2746 aliter,
660 2681 706 2742 ac
734 2659 767 2730 si
793 2664 1035 2756 speravisset,
1070 2660 1273 2756 epistolam
1300 2661 1426 2733 Roma
1453 2666 1605 2734 missam
1644 2663 1754 2738 illum
1781 2690 1863 2744 esse
1889 2677 1931 2746 in
2039 2714 2042 2728 ·

236 2781 327 2880 ipso
352 2779 725 2870 itinere-lecturum,
752 2799 884 2876 aperta
911 2779 991 2868 fera
1017 2779 1192 2868 fallaciae
1219 2787 1325 2878 signa
1350 2786 1540 2860 invenisse
1568 2803 1631 2856 me
1656 2804 1765 2882 puto.
1819 2791 1929 2868 Haec

240 2919 372 2992 autem
397 2899 511 3010 offert
536 2907 796 2999 responsorias
823 2904 976 2990 „Recte
1003 2903 1247 2990 renuntiasti,
1274 2905 1327 2974 mi
1353 2900 1530 3010 Secunde
1553 2907 1755 3000 carissime.
1808 2913 1929 2990 Perti-

239 3041 310 3118 net
332 3027 435 3099 euim
462 3021 513 3114 ad
539 3025 710 3112 animum
736 3047 886 3108 meum,
905 3025 1020 3117 ‚quali
1038 3027 1177 3100 itinere
1200 3029 1242 3096 in
1265 3029 1500 3117 provinciam
1524 3029 1735 3120 pervenias.
1762 3033 1930 3110 Pruden-

239 3161 300 3218 ter
339 3159 469 3216 autem
504 3141 705 3211 constituis
740 3141 893 3206 interim
932 3137 1111 3218 navibus,
1158 3140 1311 3206 interim
1353 3135 1534 3209 vehiculis
1570 3146 1645 3229 uti,
1687 3167 1804 3241 prout
1837 3153 1928 3232 loca

239 3263 528 3340 suaserint.“
581 3257 781 3344 Profecto,
808 3278 907 3354 quae
934 3255 1110 3327 ultimum
1137 3271 1273 3329 tenent
1298 3255 1430 3332 locum
1456 3259 1589 3347 verba,
1616 3261 1815 3345 luculento
1843 3300 1926 3354 ease

236 3383 386 3481 ,debens
416 3379 673 3466 documento,
713 3385 985 3476 imperatorem
1019 3379 1244 3474 cogitavisse
1277 3375 1395 3454 videri
1437 3380 1600 3460 voluisse
1635 3407 1832 3468 auctorem
1864 3425 1925 3474 re·

236 3511 479 3608 sponsoriam
506 3527 589 3576 non
612 3502 758 3576 lectum
783 3502 830 3574 iri
857 3507 898 3574 in
923 3499 1120 3593 Bithynia,
1147 3497 1216 3572 sed
1242 3522 1266 3572 a
1291 3500 1489 3598 praefecto
1524 3505 1566 3576 in
1597 3509 1737 3586 itinere
1762 3541 1924 3618 pergen.
1982 3579 1986 3586 .
2042 3606 2044 3614 Ι

234 3647 291 3713 tu·
309 3632 398 3711 ,lam
426 3651 514 3705 cum
535 3619 820 3712 stolidissimum
856 3639 1008 3696 tantum
1038 3621 1217 3718 regulum>
1239 3619 1318 3696 tale
1365 3621 1458 3720 quid
1487 3645 1618 3702 mente
1652 3654 1718 3710 sua
1748 3661 1923 3741 compre.

236 3749 409 3836 bendere
444 3770 582 3850 posse¹
606 3751 729 3846 possit
767 3749 910 3834 statui,
927 3775 930 3784 ·
945 3743 1041 3818 mihi
1079 3749 1203 3818 iustae
1237 3743 1487 3824 dubitationis
1527 3773 1700 3834 caussam
1736 3769 1922 3858 reperim

234 3874 391 3962 uideor,
419 3907 424 3914 ·
531 3895 537 3903 ·

237 4187 241 4199 ,
395 4114 511 4206 Haud
536 4113 659 4196 valde¹
674 4107 860 4202 abludunt
881 4129 1084 4210 sequentes
1101 4112 1309 4212 epistolae.
1362 4114 1580 4198 Praefectus
1607 4120 1673 4194 ubi
1690 4096 1917 4221 garaiht,

236 4241 404 4338 aestibus
439 4257 555 4338 atque
590 4238 706 4317 etiam
739 4235 933 4319 febriculis
966 4253 1144 4315 vestatum
1176 4237 1349 4334 Pergami
1382 4263 1425 4316 se
1451 4240 1667 4320 substitisse
1691 4266 1735 4320 et
1763 4271 1916 4350 postea.
1973 4301 1982 4315 .

235 4389 354 4468 ⁸quam
381 4369 581 4445 transisset
604 4363 645 4439 iu
673 4365 813 4479 orarias
848 4359 1041 4447 naviculas
1070 4361 1144 4434 XV
1170 4357 1358 4437 Calendis
1388 4357 1577 4436 Octobres
1603 4364 1757 4446 demum
1786 4375 1916 4474 Bithy.

236 4495 342 4584 piam
359 4488 529 4566 ,intrasse
555 4482 704 4572 retulit,
744 4482 917 4577 rescribit
949 4486 1184 4577 ineptissima
1209 4486 1362 4556 ratione
1388 4484 1573 4564 Traianus
1606 4512 1651 4564 ea
1685 4519 1783 4590 quae
1816 4523 1914 4576 nun·

234 4618 336 4697 tiata
357 4613 429 4708 ipsi
457 4623 584 4694 erant,
609 4603 753 4680 addam
780 4592 912 4682 tamen
939 4600 1099 4702 aliquid,
1128 4607 1177 4680 ex'
1199 4629 1279 4700 quo
1302 4609 1498 4688 incautum
1524 4607 1640 4690 fuisse
1667 4619 1914 4712 epistolarum

235 4749 435 4828 auctorem
462 4733 605 4806 coniici
634 4729 767 4826 possit.
820 4723 977 4816 Nullam
1010 4725 1162 4812 scilicet,
1180 4726 1404 4827 ,praelectus
1445 4742 1635 4808 satorum
1671 4741 1912 4820 mentiana'm
