4674 5910
940 667 1733 802 ‘m-sffl‘

471 901 634 995 migrare
660 913 772 986 erant
800 901 909 985 iussi,
950 893 1055 975 haud
1091 921 1177 973 raro
1206 920 1385 998 superare
1413 889 2156 1030 cogerentur.1taquenuncinverti·

392 1022 660 1117 gabimus,
688 1044 758 1118 per
780 1035 875 1116 quot
896 1019 1020 1102 Plinio
1043 1041 1194 1102 menses
1216 1023 1498 1121 praefecturam
1524 1033 1756 1110 commiserit
1778 1047 1926 1104 auctor.

416 1255 420 1273 '
498 1299 502 1304 ·
551 1218 738 1340 Anno
774 1265 913 1340 Christi
949 1271 1178 1342 centesimo·
1197 1271 1314 1340 tertio
1347 1265 1566 1365 profectum
1596 1291 1677 1343 esse
1708 1266 1930 1345 Secundum
1951 1275 1994 1340 in
2020 1265 2153 1366 Bithy·

386 1479 390 1486 ¹
466 1377 622 1474 niam⁶)
658 1395 907 1461 consentiunt
939 1389 1019 1461 Viri
1054 1386 1171 1461 docti.
1232 1385 1412 1462 Eiusdem
1441 1406 1571 1463 autem
1607 1393 1700 1464 anni
1733 1388 1796 1464 die
1830 1388 1982 1464 decimo
2016 1393 2153 1489 quinto

468 1511 555 1584 Kal.
588 1511 779 1583 Octobres
812 1516 850 1581 in
877 1509 1094 1605 Bithyniam
1110 1533 1165 1582 'se
1191 1513 1338 1584 venisse
1358 1510 1573 1610 aliquanto
1602 1511 1764 1601 tardius,
1804 1536 1919 1610 quam
1954 1529 2154 1611 sperasset,

465 1657 540 1708 nec
568 1652 699 1705 tamen
729 1628 778 1703 de
811 1655 917 1703 mora
949 1639 1056 1729 queri
1083 1656 1213 1730 posse,
1250 1655 1337 1703 cum
1372 1634 1441 1705 sibi
1469 1641 1690 1732 contigisset
1717 1635 1885 1707 natalem
1911 1639 2152 1732 imperatoris

464 1762 507 1828 in
533 1743 730 1852 provincia
765 1753 994 1842 celebrare,
1012 1777 1072 1851 ep.
1113 1753 1160 1825 itt
1189 1751 1303 1844 (Pb)
1345 1755 1577 1853 Propraetor
1608 1757 1748 1829 scribit.
1801 1757 1916 1829 Diem
1943 1761 2151 1829 nativitatis

467 1880 702 1967 celebratum
737 1881 844 1948 innui
878 1893 985 1948 recte
1014 1878 1205 1948 censuisse
1234 1880 1373 1973 opinor
1399 1879 1636 1953 Massonum.
1688 1881 1824 1951 Mense
1855 1879 1957 1951 enim
1985 1879 2151 1950 Decem·

464 2003 524 2077 bri
550 2019 685 2074 natum
710 2023 791 2073 esse
818 1999 1024 2094 Traianum
1053 1999 1236 2095 cognosci
1262 2017 1394 2099 potest
1421 2024 1469 2074 ex
1493 2001 1607 2075 Plinii
1633 2001 1814 2096 Panegyr.
1849 2022 1933 2098 cap.
1956 1997 2020 2070 92-
2040 2021 2150 2097 para·

465 2123 612 2225 grapho
641 2139 795 2220 quarta,
839 2120 982 2193 collata
1009 2143 1097 2191 cum
1125 2119 1298 2194 Suetonii
1332 2125 1556 2196 testimonio
1583 2123 1684 2195 XIV.
1710 2121 1796 2194 Kal.
1825 2119 1990 2196 Octobr.
2016 2122 2152 2193 Domi·
2183 2097 2188 2112 ’

465 2255 614 2322 tianum
640 2243 887 2316 interfectum
914 2239 1112 2316 referentis
1141 2265 1174 2315 c.
1205 2240 1251 2318 17
1280 2243 1381 2317 vitae
1407 2241 1519 2317 huius
1546 2247 1798 2342 imperatoris.
1839 2242 2013 2342 Epistola
2041 2247 2149 2340 quin·

464 2387 516 2446 ta·
540 2390 580 2444 et
616 2366 903 2468 quadragesima
930 2362 1022 2456 (lt)
1056 2382 1146 2438 vota
1179 2357 1261 2464 pro'
1286 2365 1553 2439 incolumitate
1580 2366 1818 2464 imperatoris
1847 2383 1887 2438 et
1912 2383 2089 2465 suscepta
2109 2379 2151 2438 et

466 2494 593 2568 soluta
627 2493 790 2562 nuntiat.
844 2489 947 2560 Hinc
981 2491 1097 2585 igitur
1131 2512 1219 2560 cum
1254 2488 1442 2562 solemnia
1478 2491 1684 2587 quotannis
1704 2505 1796 2561 vota
1828 2489 1892 2562 Ill.
1925 2491 2042 2562 Non..
2064 2491 2148 2560 Ian.

462 2619 614 2690 Romae
637 2630 676 2684 et
702 2613 743 2683 in
766 2587 1070 2708 provinciis'pro
1093 2609 1215 2684 salute
1238 2613 1479 2711 imperatoris
1506 2630 1829 2710 nuncuparentur,
1856 2611 2015 2682 ineunte
2043 2587 2158 2680 anno'

463 2737 552 2815 Chr.
588 2729 799 2809 centesimo
834 2751 972 2831 quarto
1007 2749 1200 2806 rectorem
1234 2731 1437 2830 Bithyniae
1475 2733 1641 2807 Plinium
1674 2733 1788 2807 fuisse
1832 2748 2029 2804 auctorem
2072 2747 2147 2802 sta·

461 2867 578 2936 tuisse
601 2857 829 2958 putabimus.
864 2855 1039 2954 Epistola
1064 2854 1352 2954 quadragesima
1371 2880 1477 2929 nona
1501 2851 1593 2948 (60)
1617 2853 1666 2930 de
1694 2853 1788 2929 die
1777 2861 1925 2956 imperii
1949 2878 2036 2964 cum
2057 2876 2146 2951 pro-

361 3066 365 3075 ,
461 2980 699 3057 vincialibus
720 2977 944 3077 solemniter
985 2977 1180 3046 celebrato
1216 2986 1420 3046 certiorem
1452 2975 1580 3047 reddit
1613 2979 1829 3048 Traianum.
1889 2979 2002 3047 Innui
2029 2978 2158 3072 septi?

460 3127 566 3180 mum
596 3118 636 3173 et
656 3099 883 3172 vicesimum
904 3101 1043 3166 mensis
1070 3097 1236 3164 Ianuarii
1264 3093 1383 3180 diem,
1418 3116 1496 3189 quo
1526 3097 1709 3174 Traianus
1742 3097 1966 3167 successerit
1996 3090 2156 3168 Nervae'

461 3224 529 3303 d'el
526 3239 645 3298 uncto
673 3237 779 3292 recte
804 3215 983 3288 iudicavit
1010 3216 1223 3286 Massonus.
1277 3212 1508 3313 Adoptionis
1531 3212 1579 3287 de
1607 3211 1669 3287 die
1696 3222 1898 3314 quominus
1921 3222 2146 3312 cogitemus,

459 3335 1012 3441 vetat'responsoriassTraiani
1043 3333 1317 3422 voces‚diem
1355 3337 1551 3436 imperii
1586 3354 1776 3433 repetens.
1830 3336 2003 3435 Epistola
2031 3355 2142 3410 octo-

462 3473 603 3572 gesima
647 3481 782 3537 octava
823 3455 922 3549 (89)
960 3460 1127 3531 Traiano
1176 3459 1362 3558 Legatum
1406 3455 1509 3531 diem
1550 3457 1719 3530 natalem
1760 3461 1898 3530 iterum
1949 3459 2144 3557 gratulari·

460 3601 541 3668 rein
576 3585 800 3663 introducit
827 3599 972 3656 auctor.
1033 3581 1206 3679 Epistola
1244 3583 1453 3654 centesima
1492 3579 1605 3673 (itti)
1646 3598 1845 3678 praeterea
1882 3580 1980 3654 haec
2017 3595 2144 3654 tenete

462 3717 611 3807 „,tha
638 3713 825 3794 Domine,
852 3712 1022 3804 priorum
1050 3727 1239 3776 annorum
1266 3719 1489 3800 nuncupata
1521 3701 1666 3774 alacres
1693 3701 1862 3800 laetique
1893 3702 2143 3800 persolvimus

460 3847 637 3938 novaque
657 3853 782 3903 rursus
812 3844 970 3900 curante
998 3827 1305 3899 commilitonum
1333 3819 1372 3896 e't
1400 3823 1687 3922 provincialium
1715 3826 1862 3922 pietate
1891 3825 2143 3922 suscepimus·

460 3965 607 4062 precati
633 3959 760 4041 Deos,
785 3943 829 4024 ut
849 3951 908 4021 Te
934 3971 1091 4046 remque
1118 3949 1312 4047 publicam
1339 3944 1541 4020 florentem
1566 3965 1604 4020 et
1639 3945 1874 4018 incolumem
1899 3971 1944 4019 ea
1968 3947 2141 4044 benigni·

458 4102 542 4158 tate
569 4092 779 4165 servarent,
815 4095 930 4171 quam
957 4093 1070 4168 super
1097 4093 1253 4167 magnas
1265 4068 1538 4169 plurimasque
1570 4074 1726 4142 virtutes
1760 4057 1968 4167 praecipue
2003 4069 2143 4141 sancti·

460 4224 542 4282 tate
570 4201 771 4300 consequi
772 4198 954 4269 Deorum
978 4192 1128 4267 honore
1156 4195 1337 4265 meruisti.
1346 4191 1366 4228 “
1406 4193 1515 4266 Haec
1541 4192 1652 4264 initio
1680 4193 1772 4266 anni
1799 4191 1865 4265 CV
1891 4197 2033 4289 scripta
2060 4211 2143 4265 esse
2219 4237 2222 4246 ι

459 4333 833 4413 Massosusmemet.
888 4316 946 4394 Cl-
974 4319 1039 4393 vit.
1066 4315 1183 4398 Plinii
1204 4325 1291 4414 pag.
1315 4311 1405 4391 tia.
1430 4353 1433 4358 ·
1457 4311 1619 4394 Accedit
1654 4310 1833 4413 denique·
1853 4313 2018 4411 epistola
2053 4333 2144 4388 can·

459 4581 554 4596 m

614 4699 648 4770 6)
667 4698 712 4758 DE
730 4699 805 4754 vitae
821 4693 905 4750 Plinii
923 4693 1036 4748 iunioris
1055 4689 1090 4746 ab
1106 4687 1211 4747 Ιιιιιο
1227 4689 1363 4744 Mmouc
1381 4689 1500 4761 scriptas
1515 4705 1579 4762 pag.
1603 4681 1653 4745 1³0
1668 4692 1698 4745 at
1713 4705 1775 4761 sqq.
