<?xml version="1.0" encoding="UTF-8"?>
<!DOCTYPE html PUBLIC "-//W3C//DTD XHTML 1.0 Transitional//EN"
    "http://www.w3.org/TR/xhtml1/DTD/xhtml1-transitional.dtd">
<html xmlns="http://www.w3.org/1999/xhtml" xml:lang="en" lang="en">
 <head>
  <title>
</title>
<meta http-equiv="Content-Type" content="text/html;charset=utf-8" />
  <meta name='ocr-system' content='tesseract 3.04.00' />
  <meta name='ocr-capabilities' content='ocr_page ocr_carea ocr_par ocr_line ocrx_word'/>
</head>
<body>
  <div class='ocr_page' id='page_1' title='image "./prolegomenaadli00heldgoog_0023.png"; bbox 0 0 4674 5910; ppageno 0'>
   <div class='ocr_carea' id='block_1_1' title="bbox 913 693 1595 770">
    <p class='ocr_par' dir='ltr' id='par_1_1' title="bbox 913 693 1595 770">
     <span class='ocr_line' id='line_1_1' title="bbox 913 693 1595 770; baseline -0.004 -14"><span class='ocrx_word' id='word_1_1' title='bbox 913 693 1282 770; x_wconf 45' lang='lat' dir='ltr'><strong>mre</strong></span> <span class='ocrx_word' id='word_1_2' title='bbox 1385 729 1595 753; x_wconf 77' lang='lat'><em>...-</em></span> 
     </span>
    </p>
   </div>
   <div class='ocr_carea' id='block_1_2' title="bbox 573 889 2094 1000">
    <p class='ocr_par' dir='ltr' id='par_1_2' title="bbox 573 889 2094 1000">
     <span class='ocr_line' id='line_1_2' title="bbox 573 889 2094 1000; baseline -0.001 -24"><span class='ocrx_word' id='word_1_3' title='bbox 573 894 728 976; x_wconf 83' lang='lat' dir='ltr'><strong>Abeona</strong></span> <span class='ocrx_word' id='word_1_4' title='bbox 767 897 917 975; x_wconf 83' lang='lat' dir='ltr'><strong>videtur</strong></span> <span class='ocrx_word' id='word_1_5' title='bbox 934 957 937 964; x_wconf 90' lang='lat'>.</span> <span class='ocrx_word' id='word_1_6' title='bbox 955 923 1110 1000; x_wconf 87' lang='lat' dir='ltr'><strong>prorsus</strong></span> <span class='ocrx_word' id='word_1_7' title='bbox 1142 899 1236 974; x_wconf 92' lang='lat' dir='ltr'><strong>mihi</strong></span> <span class='ocrx_word' id='word_1_8' title='bbox 1269 921 1352 974; x_wconf 85' lang='lat' dir='ltr'><strong>esse</strong></span> <span class='ocrx_word' id='word_1_9' title='bbox 1389 905 1632 997; x_wconf 82' lang='lat' dir='ltr'><strong>responsoria</strong></span> <span class='ocrx_word' id='word_1_10' title='bbox 1665 889 1715 974; x_wconf 88' lang='lat' dir='ltr'><strong>ad</strong></span> <span class='ocrx_word' id='word_1_11' title='bbox 1747 899 1951 1000; x_wconf 81' lang='lat' dir='ltr'><strong>epistolem</strong></span> <span class='ocrx_word' id='word_1_12' title='bbox 1983 921 2094 1000; x_wconf 84' lang='lat' dir='ltr'><strong>prae·</strong></span> 
     </span>
    </p>
   </div>
   <div class='ocr_carea' id='block_1_3' title="bbox 263 987 2215 1120">
    <p class='ocr_par' dir='ltr' id='par_1_3' title="bbox 263 987 2215 1120">
     <span class='ocr_line' id='line_1_3' title="bbox 263 987 2215 1120; baseline -0.002 -20"><span class='ocrx_word' id='word_1_13' title='bbox 263 987 319 1012; x_wconf 9' lang='grc' dir='ltr'><strong>Ἃ</strong></span> <span class='ocrx_word' id='word_1_14' title='bbox 416 1021 510 1100; x_wconf 80' lang='lat' dir='ltr'><strong>lecti</strong></span> <span class='ocrx_word' id='word_1_15' title='bbox 537 1019 587 1098; x_wconf 80' lang='lat'><strong>79</strong></span> <span class='ocrx_word' id='word_1_16' title='bbox 613 1008 720 1115; x_wconf 71' lang='lat'><strong>(78),</strong></span> <span class='ocrx_word' id='word_1_17' title='bbox 747 1045 820 1120; x_wconf 91' lang='lat' dir='ltr'><strong>qua</strong></span> <span class='ocrx_word' id='word_1_18' title='bbox 848 1019 951 1096; x_wconf 87' lang='lat' dir='ltr'><strong>idem</strong></span> <span class='ocrx_word' id='word_1_19' title='bbox 983 1046 1024 1095; x_wconf 92' lang='lat' dir='ltr'><strong>se</strong></span> <span class='ocrx_word' id='word_1_20' title='bbox 1050 1022 1098 1094; x_wconf 85' lang='lat' dir='ltr'><strong>ab</strong></span> <span class='ocrx_word' id='word_1_21' title='bbox 1123 1021 1219 1095; x_wconf 91' lang='lat' dir='ltr'><strong>lulio</strong></span> <span class='ocrx_word' id='word_1_22' title='bbox 1249 1006 1373 1120; x_wconf 79' lang='lat' dir='ltr'><strong>Largo</strong></span> <span class='ocrx_word' id='word_1_23' title='bbox 1396 1019 1580 1110; x_wconf 87' lang='lat' dir='ltr'><strong>heredem</strong></span> <span class='ocrx_word' id='word_1_24' title='bbox 1607 1019 1844 1096; x_wconf 83' lang='lat' dir='ltr'><strong>fiduciariam</strong></span> <span class='ocrx_word' id='word_1_25' title='bbox 1877 1025 2096 1098; x_wconf 86' lang='lat' dir='ltr'><strong>institutum</strong></span> <span class='ocrx_word' id='word_1_26' title='bbox 2206 1021 2215 1039; x_wconf 83' lang='grc'><em>“</em></span> 
     </span>
    </p>
   </div>
   <div class='ocr_carea' id='block_1_4' title="bbox 326 1143 2098 1492">
    <p class='ocr_par' dir='ltr' id='par_1_4' title="bbox 326 1143 2098 1492">
     <span class='ocr_line' id='line_1_4' title="bbox 417 1143 2096 1243; baseline -0.002 -22"><span class='ocrx_word' id='word_1_27' title='bbox 417 1169 501 1220; x_wconf 87' lang='lat' dir='ltr'><strong>esse</strong></span> <span class='ocrx_word' id='word_1_28' title='bbox 522 1151 676 1218; x_wconf 87' lang='lat' dir='ltr'><strong>nuntiat</strong></span> <span class='ocrx_word' id='word_1_29' title='bbox 700 1149 922 1240; x_wconf 79' lang='lat' dir='ltr'><strong>quaeritque</strong></span> <span class='ocrx_word' id='word_1_30' title='bbox 949 1167 997 1216; x_wconf 83' lang='lat' dir='ltr'><strong>er</strong></span> <span class='ocrx_word' id='word_1_31' title='bbox 1024 1143 1205 1234; x_wconf 87' lang='lat' dir='ltr'><strong>Caesare,</strong></span> <span class='ocrx_word' id='word_1_32' title='bbox 1241 1169 1359 1240; x_wconf 90' lang='lat' dir='ltr'><strong>quum</strong></span> <span class='ocrx_word' id='word_1_33' title='bbox 1384 1143 1530 1216; x_wconf 90' lang='lat' dir='ltr'><strong>arbitrii</strong></span> <span class='ocrx_word' id='word_1_34' title='bbox 1558 1150 1672 1243; x_wconf 84' lang='lat' dir='ltr'><strong>ipsius</strong></span> <span class='ocrx_word' id='word_1_35' title='bbox 1699 1151 1866 1218; x_wconf 88' lang='lat' dir='ltr'><strong>moriens</strong></span> <span class='ocrx_word' id='word_1_36' title='bbox 1892 1143 1959 1216; x_wconf 90' lang='lat' dir='ltr'><strong>ille</strong></span> <span class='ocrx_word' id='word_1_37' title='bbox 1985 1143 2096 1218; x_wconf 84' lang='lat' dir='ltr'><strong>fecis·</strong></span> 
     </span>
     <span class='ocr_line' id='line_1_5' title="bbox 326 1260 2097 1364; baseline -0.002 -22"><span class='ocrx_word' id='word_1_38' title='bbox 326 1275 336 1298; x_wconf 87' lang='lat'>&#39;</span> <span class='ocrx_word' id='word_1_39' title='bbox 417 1269 512 1356; x_wconf 78' lang='lat' dir='ltr'><strong>set,¹</strong></span> <span class='ocrx_word' id='word_1_40' title='bbox 528 1289 645 1364; x_wconf 88' lang='lat' dir='ltr'><strong>opera</strong></span> <span class='ocrx_word' id='word_1_41' title='bbox 671 1265 799 1339; x_wconf 83' lang='lat' dir='ltr'><strong>facere</strong></span> <span class='ocrx_word' id='word_1_42' title='bbox 824 1265 941 1337; x_wconf 86' lang='lat' dir='ltr'><strong>vellet</strong></span> <span class='ocrx_word' id='word_1_43' title='bbox 970 1263 1428 1340; x_wconf 82' lang='lat' dir='ltr'><strong>consecranda&#39;Caesaris</strong></span> <span class='ocrx_word' id='word_1_44' title='bbox 1461 1260 1602 1338; x_wconf 79' lang='lat' dir='ltr'><strong>honori</strong></span> <span class='ocrx_word' id='word_1_45' title='bbox 1633 1288 1684 1338; x_wconf 90' lang='lat' dir='ltr'><strong>au</strong></span> <span class='ocrx_word' id='word_1_46' title='bbox 1719 1287 1862 1363; x_wconf 82' lang='lat' dir='ltr'><strong>agonas</strong></span> <span class='ocrx_word' id='word_1_47' title='bbox 1896 1267 2097 1338; x_wconf 72' lang='lat' dir='ltr'>instituere</span> 
     </span>
     <span class='ocr_line' id='line_1_6' title="bbox 418 1370 2098 1492; baseline 0 -32"><span class='ocrx_word' id='word_1_48' title='bbox 418 1386 742 1492; x_wconf 79' lang='lat' dir='ltr'><strong>quinquennales,</strong></span> <span class='ocrx_word' id='word_1_49' title='bbox 784 1405 911 1459; x_wconf 91' lang='lat' dir='ltr'><strong>utrum</strong></span> <span class='ocrx_word' id='word_1_50' title='bbox 938 1385 1077 1459; x_wconf 92' lang='lat' dir='ltr'><strong>horum</strong></span> <span class='ocrx_word' id='word_1_51' title='bbox 1107 1383 1326 1459; x_wconf 85' lang='lat' dir='ltr'><strong>faciendum</strong></span> <span class='ocrx_word' id='word_1_52' title='bbox 1353 1388 1422 1460; x_wconf 87' lang='lat' dir='ltr'><strong>sibi</strong></span> <span class='ocrx_word' id='word_1_53' title='bbox 1449 1387 1617 1484; x_wconf 84' lang='lat' dir='ltr'><strong>eligeret.</strong></span> <span class='ocrx_word' id='word_1_54' title='bbox 1670 1370 1815 1476; x_wconf 86' lang='lat' dir='ltr'><strong>„Iulius</strong></span> <span class='ocrx_word' id='word_1_55' title='bbox 1841 1389 2003 1483; x_wconf 83' lang='lat' dir='ltr'><strong>Largus,</strong></span> <span class='ocrx_word' id='word_1_56' title='bbox 2036 1409 2098 1460; x_wconf 86' lang='lat' dir='ltr'><strong>re·</strong></span> 
     </span>
    </p>
   </div>
   <div class='ocr_carea' id='block_1_5' title="bbox 307 1505 2099 1606">
    <p class='ocr_par' dir='ltr' id='par_1_5' title="bbox 307 1505 2099 1606">
     <span class='ocr_line' id='line_1_7' title="bbox 307 1505 2099 1606; baseline -0.001 -24"><span class='ocrx_word' id='word_1_57' title='bbox 307 1523 313 1536; x_wconf 77' lang='grc'><em>“</em></span> <span class='ocrx_word' id='word_1_58' title='bbox 415 1509 547 1600; x_wconf 77' lang='lat' dir='ltr'><strong>scribit</strong></span> <span class='ocrx_word' id='word_1_59' title='bbox 573 1507 659 1595; x_wconf 91' lang='lat' dir='ltr'><strong>ille,</strong></span> <span class='ocrx_word' id='word_1_60' title='bbox 693 1506 809 1582; x_wconf 85' lang='lat' dir='ltr'><strong>fidem</strong></span> <span class='ocrx_word' id='word_1_61' title='bbox 843 1525 968 1595; x_wconf 86' lang='lat' dir='ltr'><strong>tuam,</strong></span> <span class='ocrx_word' id='word_1_62' title='bbox 1002 1509 1111 1606; x_wconf 88' lang='lat' dir='ltr'><strong>quasi</strong></span> <span class='ocrx_word' id='word_1_63' title='bbox 1135 1511 1302 1582; x_wconf 79' lang='lat' dir='ltr'><strong>tebene</strong></span> <span class='ocrx_word' id='word_1_64' title='bbox 1328 1524 1479 1597; x_wconf 85' lang='lat' dir='ltr'><strong>nosset,</strong></span> <span class='ocrx_word' id='word_1_65' title='bbox 1523 1509 1649 1604; x_wconf 80' lang='lat' dir='ltr'><strong>elegit.</strong></span> <span class='ocrx_word' id='word_1_66' title='bbox 1703 1505 1808 1604; x_wconf 86' lang='lat' dir='ltr'><strong>Quid</strong></span> <span class='ocrx_word' id='word_1_67' title='bbox 1835 1530 1926 1605; x_wconf 76' lang='lat' dir='ltr'><strong>ergo</strong></span> <span class='ocrx_word' id='word_1_68' title='bbox 1948 1509 2099 1606; x_wconf 88' lang='lat' dir='ltr'><strong>potissi·</strong></span> 
     </span>
    </p>
   </div>
   <div class='ocr_carea' id='block_1_6' title="bbox 314 1626 2100 2093">
    <p class='ocr_par' dir='ltr' id='par_1_6' title="bbox 314 1626 2100 2093">
     <span class='ocr_line' id='line_1_8' title="bbox 417 1626 2098 1728; baseline -0.001 -24"><span class='ocrx_word' id='word_1_69' title='bbox 417 1643 523 1704; x_wconf 81' lang='lat' dir='ltr'><strong>mum</strong></span> <span class='ocrx_word' id='word_1_70' title='bbox 549 1626 600 1702; x_wconf 85' lang='lat' dir='ltr'><strong>ad</strong></span> <span class='ocrx_word' id='word_1_71' title='bbox 627 1635 924 1726; x_wconf 80' lang='lat' dir='ltr'><strong>perpetuitatem</strong></span> <span class='ocrx_word' id='word_1_72' title='bbox 951 1634 1158 1704; x_wconf 89' lang='lat' dir='ltr'><strong>memoriae</strong></span> <span class='ocrx_word' id='word_1_73' title='bbox 1184 1635 1265 1703; x_wconf 88' lang='lat' dir='ltr'><strong>eius</strong></span> <span class='ocrx_word' id='word_1_74' title='bbox 1292 1629 1425 1718; x_wconf 81' lang='lat' dir='ltr'><strong>iaciat,</strong></span> <span class='ocrx_word' id='word_1_75' title='bbox 1460 1627 1668 1703; x_wconf 88' lang='lat' dir='ltr'><strong>secundum</strong></span> <span class='ocrx_word' id='word_1_76' title='bbox 1693 1635 1875 1728; x_wconf 90' lang='lat' dir='ltr'><strong>cuiusque</strong></span> <span class='ocrx_word' id='word_1_77' title='bbox 1901 1629 1980 1702; x_wconf 87' lang='lat' dir='ltr'><strong>loci</strong></span> <span class='ocrx_word' id='word_1_78' title='bbox 2000 1651 2098 1702; x_wconf 85' lang='lat' dir='ltr'><strong>cou-</strong></span> 
     </span>
     <span class='ocr_line' id='line_1_9' title="bbox 420 1745 2099 1850; baseline 0.002 -29"><span class='ocrx_word' id='word_1_79' title='bbox 420 1747 608 1832; x_wconf 85' lang='lat' dir='ltr'><strong>ditionem</strong></span> <span class='ocrx_word' id='word_1_80' title='bbox 624 1819 630 1826; x_wconf 86' lang='lat'><em>.</em></span> <span class='ocrx_word' id='word_1_81' title='bbox 648 1755 729 1848; x_wconf 90' lang='lat' dir='ltr'><strong>ipse</strong></span> <span class='ocrx_word' id='word_1_82' title='bbox 757 1748 900 1848; x_wconf 82' lang='lat' dir='ltr'><strong>dispice</strong></span> <span class='ocrx_word' id='word_1_83' title='bbox 928 1769 968 1824; x_wconf 88' lang='lat' dir='ltr'><strong>et</strong></span> <span class='ocrx_word' id='word_1_84' title='bbox 1005 1750 1110 1848; x_wconf 93' lang='lat' dir='ltr'><strong>quod</strong></span> <span class='ocrx_word' id='word_1_85' title='bbox 1139 1752 1329 1850; x_wconf 90' lang='lat' dir='ltr'><strong>optimum</strong></span> <span class='ocrx_word' id='word_1_86' title='bbox 1362 1756 1657 1840; x_wconf 63' lang='lat' dir='ltr'><strong>existimaveris,</strong></span> <span class='ocrx_word' id='word_1_87' title='bbox 1676 1752 1877 1849; x_wconf 81' lang='lat' dir='ltr'><strong>sequere.“</strong></span> <span class='ocrx_word' id='word_1_88' title='bbox 1899 1745 2016 1840; x_wconf 79' lang='lat' dir='ltr'><strong>,Tali</strong></span> <span class='ocrx_word' id='word_1_89' title='bbox 2037 1772 2099 1824; x_wconf 89' lang='lat' dir='ltr'><strong>re·</strong></span> 
     </span>
     <span class='ocr_line' id='line_1_10' title="bbox 314 1859 2100 1972; baseline 0.004 -35"><span class='ocrx_word' id='word_1_90' title='bbox 314 1929 317 1937; x_wconf 77' lang='grc'><strong><em>,</em></strong></span> <span class='ocrx_word' id='word_1_91' title='bbox 420 1894 586 1969; x_wconf 90' lang='lat' dir='ltr'><strong>sponso,</strong></span> <span class='ocrx_word' id='word_1_92' title='bbox 617 1886 662 1942; x_wconf 91' lang='lat' dir='ltr'><strong>ut</strong></span> <span class='ocrx_word' id='word_1_93' title='bbox 688 1894 729 1944; x_wconf 90' lang='lat' dir='ltr'><strong>se</strong></span> <span class='ocrx_word' id='word_1_94' title='bbox 755 1869 976 1969; x_wconf 80' lang='lat' dir='ltr'><strong>dignaretur</strong></span> <span class='ocrx_word' id='word_1_95' title='bbox 1001 1871 1160 1960; x_wconf 88' lang='lat' dir='ltr'><strong>Caesar,</strong></span> <span class='ocrx_word' id='word_1_96' title='bbox 1195 1872 1291 1946; x_wconf 91' lang='lat' dir='ltr'><strong>nulli</strong></span> <span class='ocrx_word' id='word_1_97' title='bbox 1310 1883 1482 1970; x_wconf 85' lang='lat' dir='ltr'><strong>unquam</strong></span> <span class='ocrx_word' id='word_1_98' title='bbox 1509 1859 1623 1946; x_wconf 85' lang='lat' dir='ltr'><strong>sanae</strong></span> <span class='ocrx_word' id='word_1_99' title='bbox 1650 1875 1789 1948; x_wconf 88' lang='lat' dir='ltr'><strong>mentis</strong></span> <span class='ocrx_word' id='word_1_100' title='bbox 1811 1872 2009 1972; x_wconf 83' lang='lat' dir='ltr'><strong>praefecto</strong></span> <span class='ocrx_word' id='word_1_101' title='bbox 2035 1893 2100 1945; x_wconf 87' lang='lat' dir='ltr'><strong>ve·</strong></span> 
     </span>
     <span class='ocr_line' id='line_1_11' title="bbox 329 1991 1677 2093; baseline -0.004 -23"><span class='ocrx_word' id='word_1_102' title='bbox 329 2071 332 2076; x_wconf 77' lang='grc'><strong>,</strong></span> <span class='ocrx_word' id='word_1_103' title='bbox 419 1993 540 2070; x_wconf 83' lang='lat' dir='ltr'><strong>uisset</strong></span> <span class='ocrx_word' id='word_1_104' title='bbox 561 1997 603 2069; x_wconf 87' lang='lat' dir='ltr'><strong>iu</strong></span> <span class='ocrx_word' id='word_1_105' title='bbox 627 2009 798 2068; x_wconf 90' lang='lat' dir='ltr'><strong>mentem</strong></span> <span class='ocrx_word' id='word_1_106' title='bbox 822 2017 870 2068; x_wconf 84' lang='lat' dir='ltr'><strong>ex</strong></span> <span class='ocrx_word' id='word_1_107' title='bbox 891 1991 1072 2090; x_wconf 82' lang='lat' dir='ltr'><strong>Bithynia</strong></span> <span class='ocrx_word' id='word_1_108' title='bbox 1093 1997 1257 2068; x_wconf 85' lang='lat' dir='ltr'><strong>Romam</strong></span> <span class='ocrx_word' id='word_1_109' title='bbox 1279 1999 1437 2068; x_wconf 77' lang='lat' dir='ltr'><strong>mittere¹</strong></span> <span class='ocrx_word' id='word_1_110' title='bbox 1455 1994 1677 2093; x_wconf 85' lang='lat' dir='ltr'><strong>epistolam..</strong></span> 
     </span>
    </p>
   </div>
   <div class='ocr_carea' id='block_1_7' title="bbox 322 2231 2126 2846">
    <p class='ocr_par' dir='ltr' id='par_1_7' title="bbox 322 2231 2126 2846">
     <span class='ocr_line' id='line_1_12' title="bbox 579 2231 2101 2344; baseline 0.001 -36"><span class='ocrx_word' id='word_1_111' title='bbox 579 2234 718 2344; x_wconf 70' lang='lat' dir='ltr'><strong>Colligi</strong></span> <span class='ocrx_word' id='word_1_112' title='bbox 745 2252 841 2334; x_wconf 88' lang='lat' dir='ltr'><strong>puto</strong></span> <span class='ocrx_word' id='word_1_113' title='bbox 873 2260 921 2310; x_wconf 90' lang='lat' dir='ltr'><strong>ex</strong></span> <span class='ocrx_word' id='word_1_114' title='bbox 947 2235 1072 2310; x_wconf 86' lang='lat' dir='ltr'><strong>allatis</strong></span> <span class='ocrx_word' id='word_1_115' title='bbox 1101 2237 1285 2335; x_wconf 86' lang='lat' dir='ltr'><strong>exemplis</strong></span> <span class='ocrx_word' id='word_1_116' title='bbox 1310 2235 1508 2312; x_wconf 87' lang='lat' dir='ltr'><strong>hominem</strong></span> <span class='ocrx_word' id='word_1_117' title='bbox 1538 2261 1674 2338; x_wconf 87' lang='lat' dir='ltr'><strong>parum</strong></span> <span class='ocrx_word' id='word_1_118' title='bbox 1699 2242 1931 2338; x_wconf 86' lang='lat' dir='ltr'><strong>sapientem,</strong></span> <span class='ocrx_word' id='word_1_119' title='bbox 1964 2235 2008 2309; x_wconf 88' lang='lat' dir='ltr'><strong>iu</strong></span> <span class='ocrx_word' id='word_1_120' title='bbox 2034 2231 2101 2309; x_wconf 82' lang='lat' dir='ltr'><strong>ed·</strong></span> 
     </span>
     <span class='ocr_line' id='line_1_13' title="bbox 322 2343 2126 2466; baseline -0.001 -36"><span class='ocrx_word' id='word_1_121' title='bbox 322 2357 329 2364; x_wconf 75' lang='grc'><strong>“</strong></span> <span class='ocrx_word' id='word_1_122' title='bbox 422 2354 679 2432; x_wconf 78' lang='lat' dir='ltr'><strong>ministrandis</strong></span> <span class='ocrx_word' id='word_1_123' title='bbox 713 2361 824 2431; x_wconf 87' lang='lat' dir='ltr'><strong>rebus</strong></span> <span class='ocrx_word' id='word_1_124' title='bbox 852 2358 1023 2432; x_wconf 87' lang='lat' dir='ltr'><strong>civilibus</strong></span> <span class='ocrx_word' id='word_1_125' title='bbox 1057 2381 1108 2432; x_wconf 88' lang='lat' dir='ltr'><strong>ne</strong></span> <span class='ocrx_word' id='word_1_126' title='bbox 1135 2356 1381 2433; x_wconf 83' lang='lat' dir='ltr'><strong>mediocriter</strong></span> <span class='ocrx_word' id='word_1_127' title='bbox 1406 2357 1561 2456; x_wconf 89' lang='lat' dir='ltr'><strong>quidem</strong></span> <span class='ocrx_word' id='word_1_128' title='bbox 1581 2377 1770 2432; x_wconf 86' lang='lat' dir='ltr'><strong>versatum</strong></span> <span class='ocrx_word' id='word_1_129' title='bbox 1805 2343 2126 2466; x_wconf 34' lang='lat' dir='ltr'><strong>imperitumque·</strong></span> 
     </span>
     <span class='ocr_line' id='line_1_14' title="bbox 421 2477 2101 2576; baseline -0.002 -23"><span class='ocrx_word' id='word_1_130' title='bbox 421 2477 551 2576; x_wconf 83' lang='lat' dir='ltr'><strong>legum</strong></span> <span class='ocrx_word' id='word_1_131' title='bbox 577 2478 783 2576; x_wconf 84' lang='lat' dir='ltr'><strong>praefuisse</strong></span> <span class='ocrx_word' id='word_1_132' title='bbox 809 2479 1024 2576; x_wconf 84' lang='lat' dir='ltr'><strong>Bithyniae.</strong></span> <span class='ocrx_word' id='word_1_133' title='bbox 1076 2481 1242 2553; x_wconf 89' lang='lat' dir='ltr'><strong>Tantam</strong></span> <span class='ocrx_word' id='word_1_134' title='bbox 1271 2505 1362 2554; x_wconf 84' lang='lat' dir='ltr'><strong>vero</strong></span> <span class='ocrx_word' id='word_1_135' title='bbox 1388 2481 1578 2554; x_wconf 86' lang='lat' dir='ltr'><strong>inscitiam</strong></span> <span class='ocrx_word' id='word_1_136' title='bbox 1608 2480 1778 2554; x_wconf 84' lang='lat' dir='ltr'><strong>Caecilio</strong></span> <span class='ocrx_word' id='word_1_137' title='bbox 1805 2481 1929 2554; x_wconf 89' lang='lat' dir='ltr'><strong>Plinio</strong></span> <span class='ocrx_word' id='word_1_138' title='bbox 1958 2477 2101 2552; x_wconf 83' lang='lat' dir='ltr'><strong>Secun-</strong></span> 
     </span>
     <span class='ocr_line' id='line_1_15' title="bbox 422 2596 2101 2702; baseline -0.002 -28"><span class='ocrx_word' id='word_1_139' title='bbox 422 2596 495 2688; x_wconf 85' lang='lat' dir='ltr'><strong>do,</strong></span> <span class='ocrx_word' id='word_1_140' title='bbox 521 2623 636 2700; x_wconf 69' lang='lat' dir='ltr'><strong>quem</strong></span> <span class='ocrx_word' id='word_1_141' title='bbox 662 2597 949 2678; x_wconf 81' lang='lat' dir='ltr'><strong>adolescentem</strong></span> <span class='ocrx_word' id='word_1_142' title='bbox 974 2603 1016 2674; x_wconf 90' lang='lat' dir='ltr'><strong>in</strong></span> <span class='ocrx_word' id='word_1_143' title='bbox 1045 2601 1151 2698; x_wconf 75' lang='lat' dir='ltr'><strong>Syria</strong></span> <span class='ocrx_word' id='word_1_144' title='bbox 1179 2601 1395 2702; x_wconf 85' lang='lat' dir='ltr'><strong>militavisse</strong></span> <span class='ocrx_word' id='word_1_145' title='bbox 1416 2618 1457 2676; x_wconf 89' lang='lat' dir='ltr'><strong>et</strong></span> <span class='ocrx_word' id='word_1_146' title='bbox 1482 2608 1524 2674; x_wconf 90' lang='lat' dir='ltr'><strong>in</strong></span> <span class='ocrx_word' id='word_1_147' title='bbox 1550 2601 1771 2700; x_wconf 83' lang='lat' dir='ltr'><strong>gravissimis</strong></span> <span class='ocrx_word' id='word_1_148' title='bbox 1803 2601 1942 2674; x_wconf 86' lang='lat' dir='ltr'><strong>caussis</strong></span> <span class='ocrx_word' id='word_1_149' title='bbox 1970 2615 2101 2698; x_wconf 89' lang='lat' dir='ltr'><strong>patro·</strong></span> 
     </span>
     <span class='ocr_line' id='line_1_16' title="bbox 378 2717 2050 2846; baseline -0.001 -50"><span class='ocrx_word' id='word_1_150' title='bbox 378 2728 395 2846; x_wconf 29' lang='grc' dir='ltr'><strong>ψ’</strong></span> <span class='ocrx_word' id='word_1_151' title='bbox 421 2745 517 2796; x_wconf 88' lang='lat' dir='ltr'><strong>num</strong></span> <span class='ocrx_word' id='word_1_152' title='bbox 540 2717 646 2794; x_wconf 88' lang='lat' dir='ltr'><strong>haud</strong></span> <span class='ocrx_word' id='word_1_153' title='bbox 673 2719 1001 2798; x_wconf 88' lang='lat' dir='ltr'><strong>contemnendum</strong></span> <span class='ocrx_word' id='word_1_154' title='bbox 1028 2725 1232 2798; x_wconf 80' lang='lat' dir='ltr'><strong>surrexisse</strong></span> <span class='ocrx_word' id='word_1_155' title='bbox 1258 2740 1430 2815; x_wconf 87' lang='lat' dir='ltr'><strong>constat,</strong></span> <span class='ocrx_word' id='word_1_156' title='bbox 1456 2723 1564 2798; x_wconf 89' lang='lat' dir='ltr'><strong>nullo</strong></span> <span class='ocrx_word' id='word_1_157' title='bbox 1593 2745 1665 2822; x_wconf 81' lang='lat' dir='ltr'><strong>ego</strong></span> <span class='ocrx_word' id='word_1_158' title='bbox 1692 2720 1809 2798; x_wconf 87' lang='lat' dir='ltr'><strong>modo</strong></span> <span class='ocrx_word' id='word_1_159' title='bbox 1838 2722 2050 2796; x_wconf 82' lang='lat' dir='ltr'><strong>tribuerim.</strong></span> 
     </span>
    </p>
   </div>
   <div class='ocr_carea' id='block_1_8' title="bbox 422 2967 2104 3178">
    <p class='ocr_par' dir='ltr' id='par_1_8' title="bbox 422 2967 2104 3178">
     <span class='ocr_line' id='line_1_17' title="bbox 579 2967 2102 3074; baseline -0.003 -31"><span class='ocrx_word' id='word_1_160' title='bbox 579 2968 720 3066; x_wconf 83' lang='lat' dir='ltr'><strong>Augeri</strong></span> <span class='ocrx_word' id='word_1_161' title='bbox 744 2975 900 3068; x_wconf 86' lang='lat' dir='ltr'><strong>insuper</strong></span> <span class='ocrx_word' id='word_1_162' title='bbox 924 2969 1075 3048; x_wconf 82' lang='lat' dir='ltr'><strong>videtur</strong></span> <span class='ocrx_word' id='word_1_163' title='bbox 1103 2975 1236 3070; x_wconf 89' lang='lat' dir='ltr'><strong>opinio</strong></span> <span class='ocrx_word' id='word_1_164' title='bbox 1264 2973 1389 3047; x_wconf 88' lang='lat' dir='ltr'><strong>malae</strong></span> <span class='ocrx_word' id='word_1_165' title='bbox 1414 2969 1601 3066; x_wconf 81' lang='lat' dir='ltr'><strong>praefecti</strong></span> <span class='ocrx_word' id='word_1_166' title='bbox 1635 2967 1775 3044; x_wconf 90' lang='lat' dir='ltr'><strong>indolis</strong></span> <span class='ocrx_word' id='word_1_167' title='bbox 1801 2969 1998 3074; x_wconf 87' lang='lat' dir='ltr'><strong>nonnullis</strong></span> <span class='ocrx_word' id='word_1_168' title='bbox 2020 2972 2102 3040; x_wconf 82' lang='lat' dir='ltr'><strong>im·</strong></span> 
     </span>
     <span class='ocr_line' id='line_1_18' title="bbox 422 3083 2104 3178; baseline -0.001 -16"><span class='ocrx_word' id='word_1_169' title='bbox 422 3085 637 3162; x_wconf 84' lang='lat' dir='ltr'><strong>modestiae</strong></span> <span class='ocrx_word' id='word_1_170' title='bbox 662 3104 703 3158; x_wconf 87' lang='lat' dir='ltr'><strong>et</strong></span> <span class='ocrx_word' id='word_1_171' title='bbox 736 3090 978 3178; x_wconf 75' lang='lat' dir='ltr'><strong>arrogantiae</strong></span> <span class='ocrx_word' id='word_1_172' title='bbox 1012 3086 1176 3154; x_wconf 82' lang='lat' dir='ltr'><strong>indiciis.</strong></span> <span class='ocrx_word' id='word_1_173' title='bbox 1229 3087 1376 3154; x_wconf 86' lang='lat' dir='ltr'><strong>Notum</strong></span> <span class='ocrx_word' id='word_1_174' title='bbox 1410 3083 1565 3178; x_wconf 83' lang='lat' dir='ltr'><strong>quidem</strong></span> <span class='ocrx_word' id='word_1_175' title='bbox 1599 3101 1676 3171; x_wconf 87' lang='lat' dir='ltr'><strong>cst,</strong></span> <span class='ocrx_word' id='word_1_176' title='bbox 1715 3089 1881 3158; x_wconf 85' lang='lat' dir='ltr'><strong>Plinium</strong></span> <span class='ocrx_word' id='word_1_177' title='bbox 1914 3093 2104 3160; x_wconf 87' lang='lat' dir='ltr'><strong>iuniorem</strong></span> 
     </span>
    </p>
   </div>
   <div class='ocr_carea' id='block_1_9' title="bbox 421 3193 2222 3311">
    <p class='ocr_par' dir='ltr' id='par_1_9' title="bbox 421 3193 2222 3311">
     <span class='ocr_line' id='line_1_19' title="bbox 421 3193 2222 3311; baseline -0.003 -26"><span class='ocrx_word' id='word_1_178' title='bbox 421 3216 547 3311; x_wconf 88' lang='lat' dir='ltr'><strong>ipsum</strong></span> <span class='ocrx_word' id='word_1_179' title='bbox 573 3203 672 3280; x_wconf 86' lang='lat' dir='ltr'><strong>adeo</strong></span> <span class='ocrx_word' id='word_1_180' title='bbox 698 3204 888 3304; x_wconf 82' lang='lat' dir='ltr'><strong>placuisse</strong></span> <span class='ocrx_word' id='word_1_181' title='bbox 921 3201 991 3274; x_wconf 89' lang='lat' dir='ltr'><strong>sibi</strong></span> <span class='ocrx_word' id='word_1_182' title='bbox 1025 3219 1211 3299; x_wconf 87' lang='lat' dir='ltr'><strong>tantaque</strong></span> <span class='ocrx_word' id='word_1_183' title='bbox 1237 3201 1352 3275; x_wconf 85' lang='lat' dir='ltr'><strong>luisse</strong></span> <span class='ocrx_word' id='word_1_184' title='bbox 1378 3204 1606 3290; x_wconf 83' lang='lat' dir='ltr'><strong>ambitione,</strong></span> <span class='ocrx_word' id='word_1_185' title='bbox 1640 3221 1683 3275; x_wconf 93' lang='lat' dir='ltr'><strong>ut</strong></span> <span class='ocrx_word' id='word_1_186' title='bbox 1709 3211 1866 3279; x_wconf 89' lang='lat' dir='ltr'><strong>virtutes</strong></span> <span class='ocrx_word' id='word_1_187' title='bbox 1895 3213 1972 3280; x_wconf 86' lang='lat' dir='ltr'><strong>eius</strong></span> <span class='ocrx_word' id='word_1_188' title='bbox 1999 3203 2102 3282; x_wconf 90' lang='lat' dir='ltr'><strong>haud</strong></span> <span class='ocrx_word' id='word_1_189' title='bbox 2218 3193 2222 3204; x_wconf 48' lang='lat'><strong><em>¹</em></strong></span> 
     </span>
    </p>
   </div>
   <div class='ocr_carea' id='block_1_10' title="bbox 403 3321 2104 3666">
    <p class='ocr_par' dir='ltr' id='par_1_10' title="bbox 403 3321 2104 3666">
     <span class='ocr_line' id='line_1_20' title="bbox 403 3321 2103 3433; baseline -0.002 -27"><span class='ocrx_word' id='word_1_190' title='bbox 403 3330 559 3433; x_wconf 62' lang='lat' dir='ltr'><strong>sparum</strong></span> <span class='ocrx_word' id='word_1_191' title='bbox 584 3325 804 3400; x_wconf 84' lang='lat' dir='ltr'><strong>viderentur</strong></span> <span class='ocrx_word' id='word_1_192' title='bbox 838 3321 1033 3394; x_wconf 87' lang='lat' dir='ltr'><strong>obscurari</strong></span> <span class='ocrx_word' id='word_1_193' title='bbox 1065 3326 1141 3395; x_wconf 88' lang='lat' dir='ltr'><strong>isto</strong></span> <span class='ocrx_word' id='word_1_194' title='bbox 1173 3323 1280 3396; x_wconf 82' lang='lat' dir='ltr'><strong>vitio.</strong></span> <span class='ocrx_word' id='word_1_195' title='bbox 1311 3321 1408 3397; x_wconf 73' lang='lat' dir='ltr'><strong>,Sed</strong></span> <span class='ocrx_word' id='word_1_196' title='bbox 1442 3322 1558 3418; x_wconf 80' lang='lat' dir='ltr'><strong>longe</strong></span> <span class='ocrx_word' id='word_1_197' title='bbox 1594 3323 1695 3400; x_wconf 90' lang='lat' dir='ltr'><strong>aliud</strong></span> <span class='ocrx_word' id='word_1_198' title='bbox 1730 3326 1956 3400; x_wconf 86' lang='lat' dir='ltr'><strong>crediderim</strong></span> <span class='ocrx_word' id='word_1_199' title='bbox 1989 3328 2103 3402; x_wconf 84' lang='lat' dir='ltr'><strong>icisse</strong></span> 
     </span>
     <span class='ocr_line' id='line_1_21' title="bbox 421 3437 2104 3543; baseline -0.002 -18"><span class='ocrx_word' id='word_1_200' title='bbox 421 3451 585 3530; x_wconf 82' lang='lat' dir='ltr'><strong>fiduciae</strong></span> <span class='ocrx_word' id='word_1_201' title='bbox 612 3469 731 3543; x_wconf 80' lang='lat' dir='ltr'><strong>genus</strong></span> <span class='ocrx_word' id='word_1_202' title='bbox 758 3449 798 3516; x_wconf 90' lang='lat' dir='ltr'><strong>in</strong></span> <span class='ocrx_word' id='word_1_203' title='bbox 824 3442 1022 3542; x_wconf 86' lang='lat' dir='ltr'><strong>praefecto</strong></span> <span class='ocrx_word' id='word_1_204' title='bbox 1049 3437 1289 3540; x_wconf 85' lang='lat' dir='ltr'><strong>provinciae,</strong></span> <span class='ocrx_word' id='word_1_205' title='bbox 1316 3459 1433 3541; x_wconf 84' lang='lat' dir='ltr'><strong>atque</strong></span> <span class='ocrx_word' id='word_1_206' title='bbox 1464 3443 1578 3518; x_wconf 80' lang='lat' dir='ltr'><strong>luerit</strong></span> <span class='ocrx_word' id='word_1_207' title='bbox 1605 3450 1645 3517; x_wconf 93' lang='lat' dir='ltr'><strong>in</strong></span> <span class='ocrx_word' id='word_1_208' title='bbox 1671 3445 1749 3520; x_wconf 90' lang='lat' dir='ltr'><strong>illo.</strong></span> <span class='ocrx_word' id='word_1_209' title='bbox 1776 3448 2006 3542; x_wconf 73' lang='lat' dir='ltr'><strong>Lactantem</strong></span> <span class='ocrx_word' id='word_1_210' title='bbox 2031 3445 2104 3522; x_wconf 86' lang='lat' dir='ltr'><strong>sci·</strong></span> 
     </span>
     <span class='ocr_line' id='line_1_22' title="bbox 403 3560 2103 3666; baseline -0.002 -19"><span class='ocrx_word' id='word_1_211' title='bbox 403 3569 517 3648; x_wconf 63' lang='lat' dir='ltr'><strong>”licet</strong></span> <span class='ocrx_word' id='word_1_212' title='bbox 544 3591 658 3666; x_wconf 88' lang='lat' dir='ltr'><strong>saepe</strong></span> <span class='ocrx_word' id='word_1_213' title='bbox 685 3589 731 3640; x_wconf 89' lang='lat' dir='ltr'><strong>ac</strong></span> <span class='ocrx_word' id='word_1_214' title='bbox 758 3565 985 3664; x_wconf 84' lang='lat' dir='ltr'><strong>gloriantem</strong></span> <span class='ocrx_word' id='word_1_215' title='bbox 1022 3560 1286 3663; x_wconf 88' lang='lat' dir='ltr'><strong>deprehendes</strong></span> <span class='ocrx_word' id='word_1_216' title='bbox 1313 3563 1530 3640; x_wconf 87' lang='lat' dir='ltr'><strong>Secundum</strong></span> <span class='ocrx_word' id='word_1_217' title='bbox 1564 3567 1666 3642; x_wconf 83' lang='lat' dir='ltr'><strong>bona</strong></span> <span class='ocrx_word' id='word_1_218' title='bbox 1699 3591 1768 3644; x_wconf 88' lang='lat' dir='ltr'><strong>sua</strong></span> <span class='ocrx_word' id='word_1_219' title='bbox 1801 3574 2103 3666; x_wconf 64' lang='lat' dir='ltr'><strong>existimationes</strong></span> 
     </span>
    </p>
   </div>
   <div class='ocr_carea' id='block_1_11' title="bbox 277 3683 2103 3794">
    <p class='ocr_par' dir='ltr' id='par_1_11' title="bbox 277 3683 2103 3794">
     <span class='ocr_line' id='line_1_23' title="bbox 277 3683 2103 3794; baseline -0.002 -24"><span class='ocrx_word' id='word_1_220' title='bbox 277 3714 290 3724; x_wconf 83' lang='grc'><strong>·’</strong></span> <span class='ocrx_word' id='word_1_221' title='bbox 399 3713 619 3790; x_wconf 64' lang='grc' dir='ltr'><strong>1ιιιιιιιιιιιιιι</strong></span> <span class='ocrx_word' id='word_1_222' title='bbox 645 3706 776 3762; x_wconf 88' lang='lat' dir='ltr'><strong>tamen</strong></span> <span class='ocrx_word' id='word_1_223' title='bbox 803 3709 850 3760; x_wconf 90' lang='lat' dir='ltr'><strong>eo</strong></span> <span class='ocrx_word' id='word_1_224' title='bbox 874 3687 1104 3786; x_wconf 86' lang='lat' dir='ltr'><strong>processisse</strong></span> <span class='ocrx_word' id='word_1_225' title='bbox 1125 3693 1337 3794; x_wconf 85' lang='lat' dir='ltr'><strong>putaverim</strong></span> <span class='ocrx_word' id='word_1_226' title='bbox 1360 3687 1534 3776; x_wconf 87' lang='lat' dir='ltr'><strong>fiduciae,</strong></span> <span class='ocrx_word' id='word_1_227' title='bbox 1548 3683 1602 3760; x_wconf 80' lang='lat' dir='ltr'><strong>&#39;ut</strong></span> <span class='ocrx_word' id='word_1_228' title='bbox 1624 3695 1663 3762; x_wconf 89' lang='lat' dir='ltr'><strong>in</strong></span> <span class='ocrx_word' id='word_1_229' title='bbox 1685 3696 1936 3788; x_wconf 87' lang='lat' dir='ltr'><strong>potentiores,</strong></span> <span class='ocrx_word' id='word_1_230' title='bbox 1958 3687 2103 3766; x_wconf 89' lang='lat' dir='ltr'><strong>nedum</strong></span> 
     </span>
    </p>
   </div>
   <div class='ocr_carea' id='block_1_12' title="bbox 355 3805 2168 4762">
    <p class='ocr_par' dir='ltr' id='par_1_12' title="bbox 355 3805 2168 4762">
     <span class='ocr_line' id='line_1_24' title="bbox 422 3805 2102 3908; baseline -0.003 -17"><span class='ocrx_word' id='word_1_231' title='bbox 422 3823 466 3891; x_wconf 89' lang='lat' dir='ltr'><strong>in</strong></span> <span class='ocrx_word' id='word_1_232' title='bbox 493 3815 694 3888; x_wconf 88' lang='lat' dir='ltr'><strong>Caesarem</strong></span> <span class='ocrx_word' id='word_1_233' title='bbox 721 3809 847 3905; x_wconf 81' lang='lat' dir='ltr'><strong>illum,</strong></span> <span class='ocrx_word' id='word_1_234' title='bbox 874 3809 980 3880; x_wconf 86' lang='lat' dir='ltr'><strong>cuius</strong></span> <span class='ocrx_word' id='word_1_235' title='bbox 1007 3807 1139 3882; x_wconf 88' lang='lat' dir='ltr'><strong>laudes</strong></span> <span class='ocrx_word' id='word_1_236' title='bbox 1174 3807 1298 3882; x_wconf 89' lang='lat' dir='ltr'><strong>servili</strong></span> <span class='ocrx_word' id='word_1_237' title='bbox 1323 3832 1449 3907; x_wconf 87' lang='lat' dir='ltr'><strong>paene</strong></span> <span class='ocrx_word' id='word_1_238' title='bbox 1481 3805 1635 3884; x_wconf 90' lang='lat' dir='ltr'><strong>dicendi</strong></span> <span class='ocrx_word' id='word_1_239' title='bbox 1667 3835 1809 3908; x_wconf 81' lang='lat' dir='ltr'><strong>genere</strong></span> <span class='ocrx_word' id='word_1_240' title='bbox 1842 3815 2102 3902; x_wconf 87' lang='lat' dir='ltr'><strong>celebraverit,</strong></span> 
     </span>
     <span class='ocr_line' id='line_1_25' title="bbox 411 3929 2123 4043; baseline -0.004 -28"><span class='ocrx_word' id='word_1_241' title='bbox 411 3929 528 4043; x_wconf 60' lang='lat' dir='ltr'><strong>&#39;aliud</strong></span> <span class='ocrx_word' id='word_1_242' title='bbox 554 3930 648 4033; x_wconf 88' lang='lat' dir='ltr'><strong>quid</strong></span> <span class='ocrx_word' id='word_1_243' title='bbox 672 3935 747 4006; x_wconf 89' lang='lat' dir='ltr'><strong>nisi</strong></span> <span class='ocrx_word' id='word_1_244' title='bbox 774 3930 910 4003; x_wconf 90' lang='lat' dir='ltr'><strong>summi</strong></span> <span class='ocrx_word' id='word_1_245' title='bbox 937 3931 1108 4028; x_wconf 84' lang='lat' dir='ltr'><strong>obsequii</strong></span> <span class='ocrx_word' id='word_1_246' title='bbox 1134 3929 1369 4004; x_wconf 85' lang='lat' dir='ltr'><strong>documenta</strong></span> <span class='ocrx_word' id='word_1_247' title='bbox 1396 3929 1588 4004; x_wconf 81' lang='lat' dir='ltr'><strong>edidisset.</strong></span> <span class='ocrx_word' id='word_1_248' title='bbox 1641 3933 1906 4029; x_wconf 80' lang='lat' dir='ltr'><strong>Arrogantiam</strong></span> <span class='ocrx_word' id='word_1_249' title='bbox 1934 3933 2123 4008; x_wconf 69' lang='lat' dir='ltr'><strong>hominis·</strong></span> 
     </span>
     <span class='ocr_line' id='line_1_26' title="bbox 423 4048 2101 4154; baseline -0.002 -21"><span class='ocrx_word' id='word_1_250' title='bbox 423 4061 531 4135; x_wconf 85' lang='lat' dir='ltr'><strong>istius</strong></span> <span class='ocrx_word' id='word_1_251' title='bbox 558 4054 722 4154; x_wconf 87' lang='lat' dir='ltr'><strong>epistola</strong></span> <span class='ocrx_word' id='word_1_252' title='bbox 754 4054 869 4126; x_wconf 86' lang='lat' dir='ltr'><strong>tertia</strong></span> <span class='ocrx_word' id='word_1_253' title='bbox 900 4048 1066 4151; x_wconf 88' lang='lat' dir='ltr'><strong>prodere</strong></span> <span class='ocrx_word' id='word_1_254' title='bbox 1098 4049 1259 4126; x_wconf 80' lang='lat' dir='ltr'><strong>videtur.</strong></span> <span class='ocrx_word' id='word_1_255' title='bbox 1312 4051 1612 4128; x_wconf 74' lang='lat' dir='ltr'><strong>commendatur</strong></span> <span class='ocrx_word' id='word_1_256' title='bbox 1636 4053 1703 4127; x_wconf 88' lang='lat' dir='ltr'><strong>illa</strong></span> <span class='ocrx_word' id='word_1_257' title='bbox 1737 4057 1932 4130; x_wconf 84' lang='lat' dir='ltr'><strong>Voconius</strong></span> <span class='ocrx_word' id='word_1_258' title='bbox 1959 4057 2101 4130; x_wconf 87' lang='lat' dir='ltr'><strong>Roma·</strong></span> 
     </span>
     <span class='ocr_line' id='line_1_27' title="bbox 423 4161 2168 4276; baseline -0.001 -23"><span class='ocrx_word' id='word_1_259' title='bbox 423 4204 495 4256; x_wconf 88' lang='lat' dir='ltr'><strong>nus</strong></span> <span class='ocrx_word' id='word_1_260' title='bbox 522 4177 694 4251; x_wconf 82' lang='lat' dir='ltr'><strong>Caesaris</strong></span> <span class='ocrx_word' id='word_1_261' title='bbox 720 4175 827 4248; x_wconf 90' lang='lat' dir='ltr'><strong>cuius</strong></span> <span class='ocrx_word' id='word_1_262' title='bbox 852 4171 987 4258; x_wconf 86' lang='lat' dir='ltr'><strong>laudes</strong></span> <span class='ocrx_word' id='word_1_263' title='bbox 1011 4173 1078 4248; x_wconf 91' lang='lat' dir='ltr'><strong>ubi</strong></span> <span class='ocrx_word' id='word_1_264' title='bbox 1105 4193 1431 4248; x_wconf 87' lang='lat' dir='ltr'><strong>commemoratae</strong></span> <span class='ocrx_word' id='word_1_265' title='bbox 1460 4191 1566 4266; x_wconf 83' lang='lat' dir='ltr'><strong>sunt,</strong></span> <span class='ocrx_word' id='word_1_266' title='bbox 1608 4173 1736 4252; x_wconf 84' lang='lat' dir='ltr'><strong>addita</strong></span> <span class='ocrx_word' id='word_1_267' title='bbox 1769 4183 1937 4276; x_wconf 80' lang='lat' dir='ltr'><strong>reperies</strong></span> <span class='ocrx_word' id='word_1_268' title='bbox 1969 4179 2101 4251; x_wconf 79' lang='lat' dir='ltr'><strong>nerbas</strong></span> <span class='ocrx_word' id='word_1_269' title='bbox 2164 4161 2168 4172; x_wconf 71' lang='grc'>’</span> 
     </span>
     <span class='ocr_line' id='line_1_28' title="bbox 417 4294 2101 4400; baseline 0.001 -27.004"><span class='ocrx_word' id='word_1_270' title='bbox 417 4299 589 4400; x_wconf 85' lang='lat' dir='ltr'><strong>„quibus</strong></span> <span class='ocrx_word' id='word_1_271' title='bbox 629 4296 784 4394; x_wconf 80' lang='lat' dir='ltr'><strong>singulis</strong></span> <span class='ocrx_word' id='word_1_272' title='bbox 817 4295 980 4368; x_wconf 87' lang='lat' dir='ltr'><strong>multum</strong></span> <span class='ocrx_word' id='word_1_273' title='bbox 1018 4294 1365 4369; x_wconf 86' lang='lat' dir='ltr'><strong>commendationis</strong></span> <span class='ocrx_word' id='word_1_274' title='bbox 1394 4319 1635 4370; x_wconf 89' lang='lat' dir='ltr'><strong>accessurum</strong></span> <span class='ocrx_word' id='word_1_275' title='bbox 1670 4299 1787 4373; x_wconf 84' lang='lat' dir='ltr'><strong>etiam</strong></span> <span class='ocrx_word' id='word_1_276' title='bbox 1822 4322 1870 4372; x_wconf 85' lang='lat' dir='ltr'><strong>ex</strong></span> <span class='ocrx_word' id='word_1_277' title='bbox 1896 4300 1989 4370; x_wconf 91' lang='lat' dir='ltr'><strong>meis</strong></span> <span class='ocrx_word' id='word_1_278' title='bbox 2017 4319 2101 4396; x_wconf 86' lang='lat' dir='ltr'><strong>pre·</strong></span> 
     </span>
     <span class='ocr_line' id='line_1_29' title="bbox 422 4415 2101 4518; baseline -0.005 -16"><span class='ocrx_word' id='word_1_279' title='bbox 422 4424 529 4518; x_wconf 85' lang='lat' dir='ltr'><strong>cibus</strong></span> <span class='ocrx_word' id='word_1_280' title='bbox 551 4415 813 4516; x_wconf 83' lang='lat' dir='ltr'><strong>indulgentiae</strong></span> <span class='ocrx_word' id='word_1_281' title='bbox 836 4437 927 4492; x_wconf 89' lang='lat' dir='ltr'><strong>tuae</strong></span> <span class='ocrx_word' id='word_1_282' title='bbox 954 4415 1084 4492; x_wconf 89' lang='lat' dir='ltr'><strong>credo.</strong></span> <span class='ocrx_word' id='word_1_283' title='bbox 1093 4419 1114 4454; x_wconf 91' lang='lat'>“</span> <span class='ocrx_word' id='word_1_284' title='bbox 1168 4417 1385 4491; x_wconf 88' lang='lat' dir='ltr'><strong>Voluntatis</strong></span> <span class='ocrx_word' id='word_1_285' title='bbox 1420 4417 1575 4516; x_wconf 88' lang='lat' dir='ltr'><strong>quidem</strong></span> <span class='ocrx_word' id='word_1_286' title='bbox 1605 4421 1791 4494; x_wconf 84' lang='lat' dir='ltr'><strong>maximae</strong></span> <span class='ocrx_word' id='word_1_287' title='bbox 1826 4417 2101 4494; x_wconf 84' lang='lat' dir='ltr'><strong>documentum</strong></span> 
     </span>
     <span class='ocr_line' id='line_1_30' title="bbox 355 4538 2100 4641; baseline -0.002 -21"><span class='ocrx_word' id='word_1_288' title='bbox 355 4549 358 4557; x_wconf 84' lang='lat'>&#39;</span> <span class='ocrx_word' id='word_1_289' title='bbox 421 4551 498 4622; x_wconf 90' lang='lat' dir='ltr'><strong>iam</strong></span> <span class='ocrx_word' id='word_1_290' title='bbox 523 4547 718 4641; x_wconf 88' lang='lat' dir='ltr'><strong>accepisse</strong></span> <span class='ocrx_word' id='word_1_291' title='bbox 745 4564 786 4614; x_wconf 88' lang='lat' dir='ltr'><strong>se</strong></span> <span class='ocrx_word' id='word_1_292' title='bbox 811 4541 860 4614; x_wconf 83' lang='lat' dir='ltr'><strong>ab</strong></span> <span class='ocrx_word' id='word_1_293' title='bbox 889 4541 1051 4616; x_wconf 86' lang='lat' dir='ltr'><strong>Caesare</strong></span> <span class='ocrx_word' id='word_1_294' title='bbox 1080 4538 1304 4637; x_wconf 83' lang='lat' dir='ltr'><strong>significavit</strong></span> <span class='ocrx_word' id='word_1_295' title='bbox 1331 4539 1495 4640; x_wconf 90' lang='lat' dir='ltr'><strong>epistola</strong></span> <span class='ocrx_word' id='word_1_296' title='bbox 1528 4543 1701 4640; x_wconf 79' lang='lat' dir='ltr'><strong>proxime</strong></span> <span class='ocrx_word' id='word_1_297' title='bbox 1727 4539 2004 4640; x_wconf 84' lang='lat' dir='ltr'><strong>praecedente,</strong></span> <span class='ocrx_word' id='word_1_298' title='bbox 2039 4561 2100 4616; x_wconf 82' lang='lat' dir='ltr'><strong>ve·</strong></span> 
     </span>
     <span class='ocr_line' id='line_1_31' title="bbox 426 4643 2102 4762; baseline -0.002 -21"><span class='ocrx_word' id='word_1_299' title='bbox 426 4693 511 4744; x_wconf 90' lang='lat' dir='ltr'><strong>rnm</strong></span> <span class='ocrx_word' id='word_1_300' title='bbox 544 4683 676 4740; x_wconf 89' lang='lat' dir='ltr'><strong>tamen</strong></span> <span class='ocrx_word' id='word_1_301' title='bbox 706 4667 782 4735; x_wconf 91' lang='lat' dir='ltr'><strong>isto</strong></span> <span class='ocrx_word' id='word_1_302' title='bbox 808 4643 926 4736; x_wconf 85' lang='lat' dir='ltr'><strong>modo</strong></span> <span class='ocrx_word' id='word_1_303' title='bbox 956 4686 1058 4740; x_wconf 85' lang='lat' dir='ltr'><strong>eum</strong></span> <span class='ocrx_word' id='word_1_304' title='bbox 1072 4662 1265 4760; x_wconf 88' lang='lat' dir='ltr'><strong>superbire</strong></span> <span class='ocrx_word' id='word_1_305' title='bbox 1297 4667 1406 4760; x_wconf 89' lang='lat' dir='ltr'><strong>quasi</strong></span> <span class='ocrx_word' id='word_1_306' title='bbox 1440 4685 1570 4736; x_wconf 89' lang='lat' dir='ltr'><strong>coram</strong></span> <span class='ocrx_word' id='word_1_307' title='bbox 1605 4666 1837 4762; x_wconf 82' lang='lat' dir='ltr'><strong>imperatore</strong></span> <span class='ocrx_word' id='word_1_308' title='bbox 1865 4664 1972 4738; x_wconf 85' lang='lat' dir='ltr'><strong>nolas</strong></span> <span class='ocrx_word' id='word_1_309' title='bbox 2006 4679 2102 4740; x_wconf 84' lang='lat' dir='ltr'><strong>erat.</strong></span> 
     </span>
    </p>
   </div>
   <div class='ocr_carea' id='block_1_13' title="bbox 0 0 2349 5908">
    <p class='ocr_par' dir='ltr' id='par_1_13' title="bbox 0 0 2349 5908">
     <span class='ocr_line' id='line_1_32' title="bbox 0 0 2349 5908; baseline 0 0"><span class='ocrx_word' id='word_1_310' title='bbox 0 0 2349 5908; x_wconf 95' lang='lat' dir='ltr'><strong> </strong></span> 
     </span>
    </p>
   </div>
  </div>
 </body>
</html>
