4674 5910
753 763 1445 847 ...ψ-..τῴ

259 986 398 1061 cesima
434 961 602 1060 secunda
630 979 651 1074 (
663 979 760 1072 tut)
794 979 896 1056 diem
929 981 1080 1081 imp'e'rii
1113 981 1257 1068 iterum
1288 978 1521 1054 celebratum
1538 989 1540 996 '
1558 981 1783 1080 significans.
1842 981 1945 1057 Reli·

261 1129 428 1206 quarum
470 1107 719 1206 epistolarum
754 1107 859 1179 nulla
894 1129 980 1178 cum
1015 1129 1109 1208 prae
1143 1129 1183 1178 se
1217 1105 1333 1178 ferret
1364 1104 1550 1202 temporis
1591 1123 1744 1193 notam,
1784 1115 1859 1202 que
1900 1105 1947 1178 li·

264 1245 372 1302 ceret
411 1229 628 1302 Plinianem'
663 1229 896 1326 legationem
947 1227 1047 1300 ultra
1089 1224 1258 1300 medium
1301 1249 1443 1299 annum
1486 1229 1672 1323 quintum·
1703 1226 1946 1325 protendere,
2052 1273 2064 1289 ·

262 1352 468 1425 Massonus
491 1357 641 1424 censuit
663 1350 825 1424 Plinium
849 1349 1049 1444 Bithyniae
1075 1333 1281 1447 Pontoque
1314 1373 1386 1448 per
1410 1373 1560 1422 menses
1577 1355 1740 1421 circiter
1768 1347 1948 1426 duodevi-

72 1535 77 1558 ,
166 1478 209 1582 “’
261 1475 360 1571 giuti
396 1474 615 1572 praefuisse.
668 1475 802 1546 Potest
834 1470 1161 1570 quidemcontra
1193 1472 1296 1545 hanc
1330 1478 1520 1544 rationem
1555 1468 1687 1543 disseri
1720 1472 1842 1572 verbis
1869 1479 1949 1572 epi·

262 1595 388 1668 stolae
416 1602 650 1670 centesimae
685 1611 803 1683 „rota
839 1602 1050 1692 priorum
1077 1619 1307 1668 annorum
1342 1597 1563 1692 nuncupata
1596 1593 1739 1666 alacres
1767 1593 1948 1692 persolvi·

262 1707 379 1790 mus⁸¹
414 1712 617 1815 significari
652 1717 785 1790 saltem
819 1725 1000 1814 per'tres
1035 1741 1157 1791 annos
1185 1736 1468 1791 commoratum
1503 1695 1584 1790 esse
1618 1717 1787 1812 legatum
1821 1719 1862 1790 in
1888 1719 1951 1790 Bi-

262 1821 418 1934 t'hynia,
453 1846 600 1940 quippe
625 1841 700 1937 qui¹
715 1841 885 1937 priorum
914 1855 1102 1912 annorum
1128 1857 1219 1913 vute
1253 1840 1420 1912 solverit.
1475 1837 1550 1913 Sed
1578 1843 1782 1935 quominus
1808 1855 1950 1912 votae

144 1977 150 1987 '
262 1961 558 2059 proconsulibus
585 1962 754 2060 priorum
783 1985 971 2035 annorum
999 1981 1177 2060 suscepta
1201 1962 1475 2059 intelligamus3
1510 1960 1607 2032 nihil
1638 1977 1712 2048 est,
1747 1959 1854 2058 quod
1881 1959 1949 2033 oh'-

263 2099 349 2156 stet.
404 2085 477 2157 Per
505 2107 545 2157 se
574 2101 702 2156 autem
729 2085 807 2156 veri
833 2081 944 2158 valde
971 2101 1029 2158 est
1056 2082 1256 2173 dissimile,
1283 2101 1363 2156 tam
1385 2083 1544 2180 longum
1571 2087 1756 2180 temporis
1784 2089 1949 2180 spatium

218 2298 222 2311 Ι
250 2205 369 2278 'nulla
397 2223 563 2302 cogente
588 2205 837 2298 necessitate,
860 2208 967 2280 nulla
994 2206 1161 2308 donique
1187 2211 1328 2283 virtute
1356 2202 1654 2280 commendante
1680 2205 1810 2302 legato
1833 2199 1949 2279 'fuisse

261 2346 502 2401 concessum.
715 2339 718 2348 ’
965 2341 968 2352 ·

421 2563 600 2663 Indagari
617 2572 702 2669 ‘iam
727 2567 832 2653 licet,
857 2593 951 2642 num
972 2575 1074 2644 intra
1100 2561 1301 2658 menset⁷)
1329 2565 1593 2676 dpodevigint'i
1614 2565 1798 2643 Praesidis
1818 2567 1949 2666 Bithy·

264 2687 431 2788 niaeed
457 2693 733 2788 Imperatorem
760 2694 909 2766 Romae
937 2710 1002 2766 aut
1029 2691 1165 2765 saltem
1191 2695 1232 2768 in
1258 2691 1369 2766 Italia
1396 2709 1611 2766 versantem
1639 2691 1951 2788 epistolasquin·

243 2812 449 2922 ¹quaginta
478 2828 518 2884 et
552 2819 721 2910 quinque
748 2820 892 2888 misisse
919 2833 960 2888 et
986 2819 1247 2912 responsorias
1276 2811 1527 2912 quadraginta
1555 2819 1723 2909 quinque
1758 2822 1969 2911 accepisse·

264 2932 515 3028 probabiliter
542 2940 656 3006 statui
681 2941 812 3032 possit.
841 2937 1027 3034 Gierigius
1049 2943 1132 3034 ipse
1156 2951 1301 3024 censet,
1326 2934 1433 3007 illum
1457 2932 1548 3007 dato
1570 2939 1653 3008 iure
1678 2933 1726 3007 ad
1749 2937 1952 3011 Caesarem

266 3051 458 3124 referendi
495 3057 651 3122 abusum
688 3053 971 3146 propemodum
1007 3076 1108 3141 esse,
1151 3059 1294 3151 quippe
1330 3061 1395 3146 qui
1429 3053 1622 3159 putandus
1651 3063 1699 3128 sit
1719 3051 1760 3147 8)
1796 3038 1950 3156 singulis

265 3187 391 3270 prope
415 3171 646 3266 septimanis
669 3191 786 3240 unam
813 3151 1016 3266 epistolam
1047 3169 1255 3264 scripsisse:
1298 3168 1405 3239 cuius
1438 3174 1493 3240 rei
1520 3193 1718 3245 momenta
1753 3176 1947 3276 pleraque,

268 3293 335 3391 qui
358 3289 647 3392 ponderaverit,
676 3313 763 3364 eum
789 3312 872 3363 non
898 3287 1033 3364 dubito
1061 3293 1155 3387 quin
1181 3289 1346 3363 maxima
1373 3289 1543 3364 subitura
1569 3299 1617 3366 sit
1643 3301 1807 3374 miratio.

231 3625 238 3635 ⁸
427 3533 505 3628 Qui
534 3553 582 3606 ex
606 3529 784 3624 Bithynia
811 3532 976 3602 Romam
1003 3541 1071 3600 aut
1095 3527 1221 3599 Roma
1253 3532 1295 3598 in
1321 3526 1540 3624 Bithyniam
1568 3540 1739 3633 cupiant·'
1752 3523 1953 3639 proficisci,

268 3655 340 3731 hos
367 3661 534 3756 spatium
558 3652 645 3752 plus
673 3652 928 3724 ducentorum
955 3647 1217 3723 milliariorum
1244 3655 1486 3747 germanicae
1512 3676 1713 3731 mensurae
1739 3685 1954 3761 peragrare,

270 3803 398 3878 neque
424 3801 543 3854 unam
568 3792 737 3861 tantum,
774 3771 842 3848 sed
867 3773 1084 3872 complures
1111 3777 1342 3870 septimanas
1373 3773 1627 3872 profectioni,
1669 3787 1814 3862 etiamsi
1845 3789 1953 3862 nulla

272 3905 463 3974 contrarie
497 3921 540 3972 re
574 3895 725 3969 tardata
750 3911 868 3984 esset,
908 3893 1133 3994 impendere
1168 3911 1327 3970 coactos
1368 3895 1482 3971 fuisse
1517 3900 1720 3977 concedes.
1774 3905 1952 4006 Sequitur

271 4019 382 4110 inde,
408 4023 468 4095 rel
493 4019 572 4094 hoc
598 4041 734 4107 unum,
761 4022 964 4117 quominus
990 4033 1053 4092 tot
1085 4041 1107 4092 a
1131 4015 1257 4091 Plinio
1292 4013 1474 4118 epistolas
1508 4028 1638 4096 missas
1664 4039 1801 4126 totque
1822 4033 1953 4108 Traia·

279 4241 952 4282 mm*

432 4389 465 4460 ⁷)
482 4389 536 4462 Ep.
554 4388 607 4442 120
624 4387 688 4462 (la)
706 4391 809 4460 gratias
826 4389 884 4460 'agit
899 4365 1066 4462 lmperaimi
1082 4389 1216 4460 Pressas,
1240 4389 1313 4464 quod
1339 4390 1376 4446 ed
1398 4387 1481 4450 finoni
1504 4395 1662 4452 masniolus
1681 4399 1806 4455 Coelium
1824 4402 1950 4462 cloman-

484 4499 539 4547 tem
557 4496 586 4547 in
603 4493 761 4566 Bithyniam
778 4511 963 4548 successorem
980 4495 1034 4550 sihi
1050 4497 1164 4549 miserit.
1200 4495 1309 4562 Verum
1332 4496 1516 4584 ιὶοζηῳαιρωοΙ
1536 4503 1676 4582 missionis
1699 4507 1869 4580 prohabilem
1888 4529 1951 4567 con·

486 4599 615 4652 ieoiuram
633 4617 649 4651 e
665 4600 757 4654 verbis
774 4599 893 4656 laudatis
911 4599 999 4656 lesere
1015 4618 1071 4656 nen
1086 4619 1213 4676 possum·

434 4765 466 4836 8)
486 4769 531 4825 (ll.
550 4769 664 4842 Gierigii
680 4773 708 4827 hs
725 4773 858 4845 epistolas
876 4791 912 4830 ex
928 4773 1062 4848 Bithynia
1076 4767 1179 4834 misses
1196 4773 1401 4852 praefationem.

914 5019 925 5050 J
