4674 5910
734 886 966 940 ¹-··---
1074 877 1127 961 ιι
1231 911 1562 936 ---»

250 1105 473 1188 negassent,
507 1113 549 1164 se
566 1111 656 1172 esse
677 1087 912 1164 Christianoi
941 1104 1007 1161 ant
1033 1085 1149 1174 inisse
1174 1087 1337 1184 Dilsqus
1364 1085 1566 1184 appellatis
1591 1091 1746 1186 imagini
1773 1093 1935 1192 impera·

250 1219 346 1286 toris
369 1215 528 1306 turmae
553 1213 646 1290 uino
674 1209 951 1308 supplicassent
978 1227 1019 1284 et
1041 1207 1328 1297 maledixissent
1357 1207 1527 1298 Christo,
1567 1211 1621 1284 ita
1648 1213 1789 1311 pergit:
1831 1212 1935 1300 „Alii

251 1335 301 1414 ab
323 1331 687 1422 indioajnominati,
709 1355 804 1418 esse,
818 1355 859 1412 se
873 1331 1134 1418 ,Christianum
1160 1329 1338 1418 dixerunt
1365 1348 1405 1418 et
1420 1313 1523 1432 ¹'mox
1546 1332 1944 1428 negaveruntsiuisse,
1976 1377 1980 1390 ·
2030 1427 2035 1438 ί

250 1451 426 1552 quidem,
451 1453 537 1536 sed
575 1453 735 1543 desisse,
771 1451 927 1552 quidam
946 1469 1052 1538 ante,
1070 1455 1298 1541 trienninm,
1332 1433 1494 1552 quidam
1519 1473 1609 1541 ants
1636 1454 1763 1550 pluras
1799 1477 1933 1546 annot,

249 1599 472 1663 non‘uerno
497 1579 613 1661 etiam
637 1593 728 1649 ante
751 1581 882 1672 viginti
908 1599 1074 1672 quoqne.
1126 1573 1274 1652 Omnes
1295 1591 1338 1648 et
1369 1576 1576 1683 imgginem
1605 1591 1711 1653 tuarn
1741 1563 1943 1663 Deorum,

180 1717 189 1728 ’
247 1720 325 1798 que
346 1699 550 1772 simulacra
571 1705 742 1782 vaeensrnt
765 1715 874 1773 sone.
899 1703 949 1779 ΗΙὶ
975 1715 1017 1778 et
1044 1696 1195 1784 Christo
1229 1693 1521 1783 maledixerunt.
1554 1683 1836 1790 ,Adfirmaban't
1866 1723 1933 1775 au·
2011 1711 2038 1743 ²

246 1835 344 1908 tem,
375 1818 477 1892 hanc
500 1820 614 1892 foisse
643 1842 828 1892 summam
854 1819 915 1892 vel
942 1819 1079 1917 culpae
1107 1841 1216 1907 suae,
1250 1819 1311 1892 vel
1333 1821 1494 1922 errpris,
1531 1817 1637 1916 quod
1665 1837 1793 1894 essent
1829 1822 1934 1896 soliti

245 1957 349 2022 stato
378 1939 440 2015 die
468 1959 559 2016 ants
586 1941 714 2021 lucem
729 1945 943 2017 'convenire
967 1963 1200 2044 carmenque
1228 1939 1380 2015 Christo
1403 1945 1511 2038 quasi
1534 1941 1622 2014 Deo
1650 1938 1931 2045 acarasseon

111 2069 120 2076 “
244 2063 411 2148 invicem
436 2086 552 2160 seque
580 2081 819 2144 tenemento
847 2087 934 2138 non
957 2069 998 2148 in
1024 2061 1147 2143 sosius
1174 2059 1331 2160 aliquod
1354 2065 1622 2158 obstringere,
1644 2059 1711 2134 sed
1739 2087 1790 2136 ns
1810 2063 1942 2154 furta,
2010 2115 2015 2128 -

244 2205 298 2258 ne
317 2183 538 2271 latrocinia,
564 2207 617 2256 ne
644 2181 828 2258 adulteria
849 2191 1165 2272 ¹committerent,
1191 2207 1241 2258 ne
1262 2182 1377 2256 fidem
1405 2183 1600 2272 fallerent,
1634 2207 1685 2256 ne
1712 2183 1930 2282 depositum

244 2305 429 2402 appellati
455 2306 712 2402 abnegarent:
734 2307 870 2405 quibus
898 2312 1061 2404 peractis
1091 2330 1236 2378 morem
1260 2309 1326 2378 sibi
1354 2302 1575 2390 discedendi
1586 2305 1704 2398 ⁸luisse
1726 2330 1930 2406 rursusque
2054 2329 2060 2342 ·

245 2425 488 2514 ooaundiad
512 2427 743 2525 capiundum
769 2431 904 2510 cibum,
920 2430 1182 2526 promiscuum
1209 2446 1340 2514 tamen
1362 2445 1402 2500 et
1427 2429 1646 2500 innoxium:
1677 2427 1784 2526 quod
1805 2437 1931 2527 ipsunt
2054 2455 2059 2462 ·

243 2545 371 2622 iacere
398 2547 554 2622 desiisse
581 2567 692 2646 post
719 2548 935 2624 edictum
957 2571 1126 2642 rusum,
1151 2573 1231 2647 quo
1260 2545 1471 2640 secundum
1498 2547 1679 2642 mandata
1706 2567 1771 2624 tua
1798 2550 1930 2642 betae·

242 2659 317 2742 iias
345 2693 427 2744 esse
452 2660 693 2744 verberam.“
745 2673 853 2744 Haec
888 2678 953 2769 qui
981 2689 1160 2746 accurate
1186 2671 1342 2768 legerit,
1376 2695 1465 2746 eum
1491 2670 1679 2749 offensum
1707 2677 1750 2744 iri
1778 2679 1928 2770 opinor,

242 2788 349 2888 quod
376 2792 442 2889 qui
464 2810 558 2866 ante
581 2794 810 2881 triennium,
836 2799 961 2880 immo,
981 2809 1074 2866 ante
1099 2795 1227 2892 plures
1256 2817 1377 2868 annos
1405 2791 1592 2868 defecisse
1609 2815 1694 2897 sess
1723 2815 1745 2864 a
1773 2791 1927 2870 Christo

242 2909 437 3002 dixissent,
464 2919 489 2986 ii
517 2931 605 3012 post
633 2913 802 3010 edictum
828 2916 1012 3012 praelecti
1040 2916 1266 2989 abstinuisse
1292 2937 1379 2988 sea
1405 2912 1661 2990 conveniendi
1685 2913 1947 3016 canendique.

240 3039 284 3112 in
308 3033 498 3107 honorem
527 3035 666 3109 Christi
692 3059 803 3108 more
829 3035 1111 3107 affirmaverint.
1165 3039 1302 3110 Parum
1330 3037 1434 3110 enim
1459 3043 1537 3108 veri
1564 3039 1622 3108 est
1648 3037 1780 3126 simile,
1806 3039 1931 3112 ullum
2037 3121 2042 3131 1

172 3233 178 3236 ,
209 3151 220 3160 “
240 3153 523 3252 proconsulum
539 3151 598 3234 vel
625 3147 909 3248 praefectorum
928 3163 1005 3234 tres
1021 3147 1082 3218 vel
1103 3147 1231 3243 plures
1258 3169 1381 3230 annos
1407 3171 1524 3220 unam
1552 3150 1792 3271 eandemque
1809 3163 1928 3233 rexis-

241 3297 284 3350 se
309 3277 563 3372 prouinciam3
591 3277 662 3346 nisi
685 3270 787 3350 forto
812 3269 913 3346 bello
936 3268 1068 3342 aliisve
1085 3285 1305 3364 temporum
1333 3270 1515 3382 angustiis
1536 3267 1621 3343 ad
1611 3275 1811 3370 imperium
1836 3301 1926 3374 pro·
2036 3301 2039 3308 ·

141 3429 150 3449 ·
239 3392 454 3493 rogandum
482 3393 644 3468 Senatus
671 3410 738 3466 aot
765 3391 904 3470 Caesar
930 3390 1044 3478 luerit
1071 3407 1240 3467 coactus.
1267 3375 1419 3465 Statum
1445 3415 1536 3466 vero
1563 3398 1784 3492 provinciae
1809 3397 1943 3494 suite
1977 3493 1981 3502 Ι

238 3515 376 3604 talem,
402 3534 446 3588 ut
469 3539 540 3612 per
568 3531 629 3587 tot
653 3537 774 3586 annos
801 3529 995 3610 praeesset
1021 3510 1080 3583 illi
1107 3513 1270 3600 Plinius,
1292 3513 1368 3586 ¹vix
1395 3510 1642 3589 crediderim.
1695 3519 1783 3590 Hoc
1809 3521 1925 3618 igitur
1951 3587 1955 3608 ,

239 3656 346 3713 certe
373 3635 558 3712 contendi
585 3653 733 3733 potest,
761 3641 826 3732 qui
855 3641 971 3706 vitam
998 3632 1128 3717 Plinii,
1169 3657 1286 3732 quam
1317 3625 1519 3708 Mas'sonus
1554 3635 1765 3710 secundum
1799 3666 1925 3718 annos
1959 3727 1966 3738 ⁸
2085 3693 2092 3704 ·

238 3757 425 3870 digestam
454 3757 644 3844 exhibuit,
672 3755 1006 3854 comprobassent,
1030 3777 1165 3856 parum
1192 3773 1299 3829 recte
1325 3754 1480 3830 laudata
1503 3756 1602 3832 illios
1627 3760 1813 3856 epistolae
1840 3788 1922 3838 ver·
2025 3803 2029 3810 ·

237 3879 288 3958 ba
314 3863 539 3996 neglexisse.
595 3877 778 3988 Gierigius
807 3871 859 3950 de
883 3874 1109 3974 difficultate
1135 3901 1185 3951 ne
1212 3877 1384 3952 Semlero
1413 3877 1566 3980 quidem
1595 3882 1791 3954 observata
1815 3907 1922 3982 egre·

236 4005 318 4103 gie
327 4010 476 4082 monuit
503 4001 603 4076 male
630 4019 761 4077 tamen
787 4018 1004 4098 superatam
1031 4005 1107 4074 iam
1135 4005 1314 4098 opinatus
1341 4001 1523 4092 eaodem,
1550 4007 1579 4074 si
1605 3975 1831 4100 explicueris
1853 4029 1923 4106 pu·

236 4130 310 4210 tari
337 4147 471 4224 posse,
495 4129 539 4198 in
563 4140 830 4198 accusatorum
852 4145 1033 4200 numero
1053 4121 1169 4204 fuisse
1196 4127 1331 4210 etiam,
1372 4126 1440 4222 qui
1473 4141 1564 4198 ante
1598 4147 1742 4222 paucos
1770 4151 1921 4205 menses

237 4245 463 4322 defecerint.
519 4244 663 4343 Opinio
689 4243 876 4320 eiusmodi
902 4261 1126 4342 ptrumast
1150 4243 1375 4343 probabilis,
1399 4267 1489 4320 oum
1515 4247 1671 4320 uerbum
1699 4245 1920 4328 adfirma-

236 4371 352 4445 lrsnt
379 4367 428 4442 ad
455 4389 522 4442 eos
550 4391 683 4441 omnes
710 4375 763 4442 sit
781 4364 1043 4453 referendum,
1078 4371 1143 4464 qui
1171 4389 1329 4462 negasse
1348 4363 1535 4442 dicuntur
1560 4391 1643 4442 esse
1671 4393 1711 4442 se
1739 4370 1918 4447 Christia-

234 4515 338 4600 nos,
328 4487 493 4564 dixisse
520 4508 655 4618 tamen
679 4513 719 4562 se
747 4489 859 4563 inisse
887 4486 1061 4586 quidem,
1096 4485 1164 4562 sed
1188 4487 1384 4562 desiisse'
1372 4512 1449 4563 ram
1473 4507 1564 4564 ante
1598 4508 1676 4563 tres
1703 4492 1763 4566 vel
1790 4494 1917 4590 plures

234 4635 370 4732 aupes
424 4613 516 4688 Erat
552 4635 641 4686 cum
667 4636 747 4712 ego
783 4609 958 4736 putarem
981 4599 1107 4726 verba
1149 4607 1330 4708 quod
1319 4636 1472 4710 ipsum
1513 4611 1678 4686 facere
1709 4609 1919 4692 desiisse
1994 4631 1997 4638 '

233 4753 347 4834 post
352 4703 609 4828 ¹<edictum
618 4757 781 4827 meum
814 4739 1015 4834 pertincte
1044 4733 1284 4835 potissimum
1312 4729 1361 4806 ad
1387 4729 1445 4825 id,
1489 4729 1642 4834 dequo
1667 4741 1843 4834 proxime
1869 4744 1920 4814 sit

176 4905 210 4943 ,-
232 4858 400 4946 dictum,
428 4861 482 4934 ita
510 4873 722 4932 utmorem
746 4855 912 4939 coeundi
943 4851 992 4928 ad
1019 4853 1250 4956 capiendum
1278 4858 1423 4930 cibum
1431 4863 1547 4932 etiam
1573 4858 1773 4954 retinuisse
1796 4883 1837 4934 se
1863 4859 1919 4936 di·

377 4969 395 5004 0
